2942 4709
601 755 766 826 CAPUT
799 757 873 826 lll.

505 1293 578 1353 0¹}AE
603 1293 650 1344 sir
677 1296 737 1345 las
764 1297 976 1352 tnlnltlttlll.

682 1569 789 1618 *sp*
857 1602 861 1612 ,,

273 1936 438 2005 Jamrero
449 1933 492 2004 ad
505 1935 650 2027 primurn
657 1936 759 2026 hujus
766 1900 881 2027 operis¹
887 1925 1098 2028 propositum
1111 1937 1243 2027 regredi

226 2052 341 2134 decet,
379 2059 422 2122 et'
447 2053 490 2123 de
519 2061 591 2123 arte
621 2053 697 2147 ipsa
724 2053 920 2124 Callimachi
947 2054 1128 2125 disserere.
1159 2056 1246 2139 Quae

224 2169 328 2251 mihi,
350 2178 388 2240 ut
405 2171 519 2241 statim
536 2171 667 2252 dicam,
688 2180 759 2242 tota
780 2171 914 2242 videtur
935 2171 969 2241 in
987 2173 1196 2243 accuratiore
1212 2181 1247 2242 et

190 2291 193 2299 ‘
225 2289 434 2378 elegantiore
471 2284 693 2360 versificandi
724 2289 856 2360 ratione
897 2290 1040 2359 versari.
1083 2289 1243 2360 Meditata
1345 2296 1349 2301 ’

225 2405 390 2476 industria
432 2407 640 2477 reformavit
670 2408 838 2499 poeticam
876 2406 1124 2488 Callimachus,
1163 2393 1245 2477 'no-
1317 2451 1323 2458 ·

162 2527 171 2536 “
223 2542 354 2615 vasque
379 2521 424 2593 ad
439 2524 534 2613 leges
555 2530 588 2592 et
606 2523 797 2594 severiores
818 2505 963 2613 redegit.
982 2524 1081 2593 Hunc
1094 2513 1244 2593 laborem

224 2620 391 2709 nonunus
407 2640 577 2732 suscepit·;
596 2637 834 2710 namaceteris
846 2639 1087 2711 Alexandrinis
1102 2639 1244 2732 scripto·

220 2753 317 2828 ribus
338 2755 475 2846 adjutus
501 2764 574 2838 est,
600 2765 638 2825 ut
678 2763 775 2827 ostea
794 2755 1014 2828 docebimus:
1038 2755 1099 2826 sed
1114 2757 1246 2848 princi·
1276 2763 1279 2772 '
1313 2789 1318 2796 ⁸

222 2881 360 2967 patum,
379 2896 483 2968 quern
500 2876 540 2944 in
559 2778 719 2944 omnifius
747 2875 817 2943 lere
847 2873 1036 2944 studiorum
1058 2873 1242 2963 generibus

222 2991 357 3062 videtur
374 2993 572 3062 exercuisse
589 3047 596 3073 ‚
619 2992 653 3060 in
674 2993 765 3061 nulla
782 3013 819 3061 re
841 2992 951 3081 magis
968 2991 1123 3061 exercuit
1138 3013 1242 3085 quarn

222 3109 256 3178 in
278 3109 487 3180 instituenda
510 3096 567 3179 illa
591 3110 782 3201 disciplina.
807 3108 907 3192 Quod
935 3109 1072 3203 quidem
1102 3109 1239 3179 abunde

223 3226 461 3297 confirmatum
491 3228 697 3298 testimoniis
730 3227 925 3298 Latinorum
955 3237 1134 3320 poetarum
1162 3250 1243 3298 cre-

220 3346 357 3428 derem,
391 3347 450 3441 qui
476 3368 553 3417 curn
573 3354 652 3418 ante
682 3348 768 3418 alios
801 3370 906 3417 unum
935 3347 1105 3417 condendi
1122 3369 1243 3417 versus

182 3525 184 3530 ,
221 3462 386 3533 artificem
399 3465 608 3558 praedicant,
628 3465 693 3535 nisi
709 3472 929 3557 superessent
942 3464 1051 3557 ipsius
1068 3465 1236 3546 carmina,

222 3579 256 3648 in
287 3580 411 3674 quihus
442 3583 557 3652 omnia
586 3581 730 3674 poeticae
754 3580 998 3651 Alexandrinae
1021 3588 1152 3650 secreta
1174 3581 1240 3651 de-

222 3701 433 3793 prehendere
450 3703 540 3774 licet.

269 3819 353 3888 Cum
388 3841 469 3889 vero
513 3820 580 3889 duo
612 3819 804 3911 praesertim
847 3839 993 3908 genera,
1027 3818 1162 3910 epicuru
1203 3827 1237 3886 et

223 3938 433 4027 elegiacum,
464 3937 682 4006 illustraverit
697 3937 833 4017 Noster,
853 3958 968 4028 operar
995 3936 1140 4038 pretium
1165 3944 1236 4015 cst,
