2942 4709
647 233 868 306 aa:

226 400 363 473 nerent,
398 399 449 473 et,
475 413 554 486 quae
586 392 622 461 in
650 393 830 462 inventore
854 412 945 462 nova
974 401 1008 461 et
1031 390 1254 472 admiranda,

229 511 350 581 endem
385 510 419 579 in
450 497 678 581 imitatoribus
708 511 864 600 vulgaria
890 509 1100 580 viderentur.
1138 510 1250 581 Hocce

224 629 391 726 judicium
412 629 627 722 sequentium
647 637 786 719 aetatum
805 627 910 699 luisse
929 627 1087 698 arbitror.

234 999 238 1007 .
281 933 328 1008 De
346 932 478 1033 poetica
502 933 586 1007 ortis
605 923 776 1012 rationed
801 929 974 1005 Pisistrato
1001 930 1045 1004 nd
1063 905 1203 1004 morteto

642 1046 838 1123 Aleuondrt'.

283 1301 364 1393 Post
390 1322 592 1393 Pisandrum
621 1323 796 1415 paulisper
818 1322 915 1414 epioa
937 1323 1035 1393 Musa
1056 1313 1253 1404 obmutuit,

235 1442 388 1534 lyraeque
412 1439 567 1530 magistri
594 1447 742 1510 attentos
759 1439 912 1511 omnium
932 1439 1065 1509 animos
1082 1439 1154 1511 suis
1170 1462 1257 1510 can-

232 1561 324 1631 tibus
341 1568 502 1641 tenuere,
522 1559 733 1653 usquedum
754 1559 896 1629 victorin
916 1559 960 1629 de
987 1560 1119 1646 Persis,
1147 1562 1256 1632 lomes

235 1681 290 1749 ille
309 1678 545 1770 ingeniorum,
567 1700 695 1749 novum
716 1678 891 1771 epicorum
910 1688 1028 1749 vatum
1051 1687 1256 1772 proventum

235 1800 426 1870 suscitaret.
446 1800 485 1868 ln
501 1791 732 1875 hac'secunda
748 1806 849 1885 aetate
876 1807 946 1868 tres
968 1800 1124 1892 praeclari
1144 1800 1257 1893 scrip-

232 1925 324 1985 tores
358 1913 562 1996 floruerunt,
603 1913 787 2007 Panyasis,
825 1912 995 1984 Choerilus
1029 1914 1186 2005 Samiusff,
1226 1922 1261 1985 et

236 2033 476 2116 Antimachus,
505 2032 608 2101 trium
636 2031 843 2121 tragicorum
870 2031 1061 2101 Atticorum
1084 2035 1254 2127 aequales,
1319 2090 1321 2093 Α

235 2171 449 2245 quorumque
466 2149 535 2220 duo
556 2143 593 2218 in
613 2147 767 2220 ordinem
785 2147 1057 2219 Alexandrinum
1074 2157 1256 2220 venerunt.

235 2271 363 2341 Eorum
378 2270 504 2362 scripta
518 2268 657 2348 omnino
673 2267 807 2361 periere
826 2292 833 2335 :
851 2288 931 2361 quac
940 2267 1073 2356 jactura
1090 2290 1133 2340 eo
1148 2270 1258 2360 magis

237 2389 384 2480 lugenda
401 2397 474 2470 est,
493 2388 586 2483 quod
604 2388 648 2459 ab
660 2387 808 2461 ¹Homeri
825 2386 981 2477 vestigiis
1003 2386 1205 2470 deflexisse,
1226 2396 1261 2459 et

237 2506 329 2575 viam
348 2528 474 2588 novam
493 2505 668 2598 aperuisse
689 2504 862 2573 videntur.
883 2503 1165 2593 Fragmentorum
1183 2527 1263 2599 quae

238 2628 421 2714 supersunt
461 2628 573 2703 tanta,
609 2643 677 2691 non
713 2621 824 2690 solum
854 2619 1035 2711 paucitas,
1068 2620 1260 2691 sedetiam

162 2787 165 2798 ·
236 2738 388 2810 brevitas
406 2748 476 2821 est,
502 2749 540 2810 ut
567 2738 646 2808 inde
678 2737 759 2806 nihil
792 2737 876 2807 certi
902 2758 1022 2806 eruore
1045 2738 1172 2828 possis.
1193 2737 1265 2807 Sed

238 2856 405 2927 habemus
429 2863 583 2927 veterum
607 2855 650 2925 de
677 2854 732 2925 his
751 2853 948 2925 auctoribus
962 2861 965 2864 ‘
979 2853 1132 2943 judicia,
1166 2876 1263 2948 prac-

216 2953 357 3043 sertim
388 2972 430 3042 de
466 2971 689 3043 celeberrimo
718 2991 838 3041 eorum
869 2969 1090 3052 Antimacho,
1116 2991 1263 3064 quorum

238 3088 342 3158 ductu
356 3089 470 3183 aliqua
486 3110 531 3158 ex
546 3095 643 3181 parte
664 3086 829 3157 institutae
856 3086 1039 3179 quaestioni
1067 3088 1263 3158 satisfacere

240 3197 331 3276 licet.

289 3319 517 3402 Antimacho,
553 3318 734 3392 Thebaidis
776 3319 925 3400 auctori,
958 3327 1037 3412 post
1074 3320 1262 3390 Homemm

243 3436 431 3522 secundaS,
459 3444 497 3506 ut
519 3437 566 3506 ait
589 3436 838 3534 Quintilianus,
872 3436 943 3506 lere
961 3436 1261 3526 grammaticorum

245 3576 435 3625 consensus
458 3553 632 3624 deferebat
667 3551 717 3646 1).
743 3554 783 3622 ln
803 3574 844 3624 eo
868 3554 923 3623 vis
942 3559 976 3623 et
994 3555 1145 3644 grauitas
1164 3561 1260 3634 erat,

243 3665 376 3744 nobiles
418 3672 649 3765 sublimesque
688 3670 860 3741 interdum
898 3671 1079 3743 sententiae
1112 3671 1263 3764 reperie-

284 3932 438 4025 (ll'Instit.
456 3942 587 4048 orat.‚'l.
606 3941 652 4020 X,
669 3959 694 4001 c.
715 3941 746 4019 1,
765 3939 844 4018 §bb
878 3981 879 3984 ,
