2942 4709
683 201 874 272 ...18-

273 370 371 469 tesca,
400 371 568 465 simulque
586 364 693 443 Marco
714 369 886 469 prefuisse
902 373 1009 442 fertur
1032 365 1101 466 (l).
1121 373 1288 456 Quamvis

271 491 401 558 nullum
443 488 675 560 testimonium
716 510 737 557 e
780 489 995 560 Ptolemaicis
1043 490 1180 560 saeculis
1220 498 1290 560 tam

272 604 490 675 manifestum
524 603 689 696 supersit,
723 612 838 675 tamen
871 605 999 675 nemini
1035 605 1174 675 dubium
1213 627 1290 676 esse

270 733 384 818 potest
408 725 491 819 quin
523 724 578 794 ille
603 723 708 794 totius
728 725 868 818 AEgypti
894 727 1050 818 pontifex
1071 748 1227 795 summus
1252 727 1288 796 in
1384 746 1386 750 ’

274 844 386 911 locum
415 840 518 934 prisci
547 841 808 910 Ptolemaeorum
837 841 1047 924 sacerdotis,
1086 842 1146 935 qui
1175 864 1288 911 rerum

271 937 443 1031 sacrarum
467 957 620 1029 omnium
648 965 683 1026 et
714 957 788 1049 ipse
816 958 878 1027 fuit
910 966 1030 1052 caput,
1069 945 1285 1029 successerit.

269 1078 402 1147 Scimus
436 1075 529 1146 enim
561 1076 733 1146 Romanos
762 1077 795 1146 ln
828 1076 1097 1147 administranda
1138 1079 1288 1171 AEgypto

269 1194 353 1264 nihil
380 1193 463 1265 bovi
501 1193 673 1276 intulisse,
717 1201 821 1288 atque
854 1216 875 1264 a
912 1194 1084 1265 mutandis
1116 1194 1292 1264 veteribus

268 1313 431 1385 institutis
445 1313 632 1406 prudenter
650 1312 873 1383 abstinuisse.

316 1432 371 1501 Ex
387 1431 441 1501 his
458 1452 538 1525 quae
553 1431 707 1501 diximus
730 1430 933 1501 concludere
954 1431 1033 1500 lieet
1058 1432 1214 1501 Museum
1241 1432 1288 1502 ita

242 1555 247 1582 ¹
268 1570 345 1618 esse
370 1548 612 1630 constitutum,
633 1556 672 1617 ut
688 1547 842 1637 regimen
864 1548 938 1637 ejus
957 1569 1063 1640 penes
1099 1548 1286 1641 principem

268 1674 326 1736 aut
357 1666 550 1736 ministrum
581 1665 744 1759 principis
774 1674 941 1736 maneret.
975 1664 1044 1734 Sub
1082 1665 1141 1735 tali
1177 1666 1284 1748 duee,

267 1786 405 1860 litterati
425 1808 494 1856 non
511 1807 551 1856 ea
575 1785 730 1855 libertate
748 1785 909 1880 loquendi
926 1807 966 1855 ac
996 1786 1165 1857 sentiendi
1194 1787 1287 1876 frue-

267 1905 393 1974 bantur
419 1925 522 1997 quam
553 1905 698 1973 Athenae
725 1901 759 1972 in
790 1903 915 1974 scholis
938 1903 1009 1973 suis
1040 1905 1282 1976 toleraverant.

269 2023 399 2113 Regum
413 2021 502 2092 enim
516 2022 667 2114 hospites
679 2022 777 2102 loeti,
793 2042 911 2092 eorum
924 2021 1076 2115 opinioni
1087 2023 1286 2113 morigerari

269 2138 579 2231 emmanuelque
607 2137 651 2208 ad
668 2159 788 2208 eorum
807 2137 983 2207 arbitrium
1001 2138 1188 2225 sententias
1206 2160 1287 2209 suas

270 2256 541 2334 accommodare.
576 2256 685 2346 Hujus
716 2255 922 2326 conditionis
955 2257 1170 2358 incommoda
1201 2257 1289 2326 inter

265 2376 397 2468 primos
431 2375 538 2445 sensit
564 2375 684 2444 Timon
717 2373 902 2456 Phliasius,
936 2375 1088 2445 sillorum
1123 2376 1281 2469 scriptor,

269 2494 346 2588 qui,
377 2492 452 2563 visa
476 2501 510 2561 et
531 2494 702 2584 paulisper
723 2493 936 2585 frequentata
952 2493 1162 2585 Philadelphi
1184 2495 1279 2571 aula,

266 2613 415 2704 AEgypto
450 2610 631 2692 valedixit,
674 2610 959 2700 malignissimum
997 2612 1208 2703 epigramma
1251 2612 1285 2682 in

266 2729 535 2801 Alexandrinum
551 2728 746 2800 convictum
764 2728 962 2822 intorquens
975 2784 982 2810 ‚
994 2729 1029 2806 in
1047 2751 1115 2824 qua
1127 2730 1284 2800 Museum

268 2849 414 2941 appellat
423 2868 556 2917 euveum
569 2840 759 2929 Musarum,
776 2845 835 2915 ubi
847 2846 938 2916 docti
951 2847 1108 2918 homines
1121 2857 1284 2942 tanquam

267 2965 415 3057 pretiosa
430 2964 577 3035 volatilia
593 2971 850 3034 asservarentur
870 2990 877 3033 :

369 3159 478 3219 lllultos
492 3160 642 3239 AEgyptus
654 3151 801 3237 populoso
813 3159 845 3217 in
862 3158 964 3218 littore
980 3159 1096 3237 nutrit,
1166 3149 1168 3152 ’
1258 3143 1268 3150 ”

252 3343 255 3350 ’
369 3257 497 3317 Gentem
508 3256 698 3337 scribarum,
717 3274 836 3335 pugnas
851 3255 919 3316 sine
932 3255 994 3316 fine
1009 3256 1159 3335 cientem,

368 3358 522 3417 Musarum
537 3356 687 3417 inclusam
699 3373 792 3417 eavea
805 3353 853 3437 (2).

307 3532 346 3617 (l)
368 3526 509 3619 h'pxeepsdc
524 3526 709 3614 Α’λεξανδρείας
729 3541 775 3593 καὶ
790 3540 922 3612 Αἰγύπτου
938 3538 1045 3604 πάσης,
1073 3539 1216 3598 intercede
1233 3541 1280 3590 w]

266 3641 406 3695 Μουσείου.
420 3615 603 3714 (Letronne,
618 3634 758 3715 Inscript.
773 3633 809 3695 de
823 3633 974 3716 l’Epyptc,
994 3640 1016 3694 t.
1036 3633 1067 3710 l,
1086 3651 1117 3711 p.
1138 3628 1221 3712 279.)

308 3728 346 3813 (2)
365 3735 460 3791 Πολλοὶ
473 3737 517 3810 μὲν
531 3734 674 3810 βόσκονται
687 3737 711 3788 ἐν
728 3736 848 3809 Αἰγύπτῳ
864 3734 1000 3808 πολυφύλῳ

366 3834 497 3890 Βιὸλιακοὶ
508 3841 682 3909 χαρακεῖται,
697 3834 821 3907 ἀπείριτα
835 3828 986 3906 δηριόωντες

365 3933 486 3987 Μουσέων
501 3934 527 3988 ἐν
543 3931 657 4006 ταλάρῳ.
676 3925 813 4009 (Athea,
829 3927 850 3988 l.
867 3928 895 4006 l,
913 3933 987 3988 sect.
1009 3926 1070 4007 Μ.)
