2942 4709
480 234 486 245 '
595 249 792 324 -31-

192 427 267 475 rum
281 405 453 475 Gallorum
468 406 655 475 exercitum
673 399 959 499 splendidissimis
971 403 1085 476 verbis
1099 405 1207 475 elluse
1264 421 1267 426 ’

191 521 369 602 celebrat;
401 519 436 591 in
464 523 600 615 Hymno
617 522 660 591 ad
683 522 875 615 Apollinem
903 522 960 615 (v.
983 520 1068 614 30),
1092 523 1210 593 laudes

191 638 373 728 Euergetas
396 638 518 708 leviter
544 637 691 729 attingit.
716 638 754 706 ln
774 637 901 728 Elegiis
925 645 1058 720 autem,
1077 660 1210 709 comam

194 756 323 846 reginae
334 756 540 836 'Berenices
559 777 688 825 novum
705 755 800 825 sidus
818 777 838 825 a
859 755 1108 825 mathematicis
1124 757 1212 826 coelo

192 884 386 969 receptum,
418 876 557 957 cecinit,
584 876 681 966 cujus
708 876 870 946 carminis
896 876 1013 946 Latina
1044 881 1213 969 interpre-

146 1067 150 1071 .
195 998 277 1069 tatio
290 1019 311 1068 a
325 997 454 1067 Catullo
468 996 594 1089 scripta
612 1004 782 1089 superest.
802 996 957 1089 Denique
972 997 1212 1088 Epigramma-

195 1124 267 1185 tum
283 1114 445 1185 nonnulla
457 1114 672 1207 reperiuntur
689 1113 731 1183 ad
752 1113 901 1184 studium
918 1113 1078 1185 adulandi
1104 1135 1208 1206 spec-

194 1232 301 1303 tantia
318 1258 325 1314 ;
342 1223 431 1301 inter
448 1225 527 1326 quae
544 1225 756 1325 praecipuum
775 1231 858 1301 illud
872 1239 947 1312 est,
971 1253 1039 1325 quo
1051 1231 1212 1301 eamdem
1267 1310 1270 1315 ,

193 1349 345 1440 reginam
359 1348 545 1419 Berenicen
562 1348 754 1419 Gratiarum
767 1357 909 1418 numero
929 1347 1104 1438 subjungit
1130 1373 1137 1415 ;
1189 1403 1192 1408 .

202 1634 205 1638 ,
297 1567 370 1625 Tres
380 1566 502 1625 lucrant
515 1564 654 1625 Charites
667 1583 674 1640 ;
691 1564 777 1636 venit
791 1564 846 1624 sed
858 1572 970 1642 quarta
984 1564 1042 1625 sub
1056 1583 1147 1628 auras
1162 1613 1169 1643 ‚

359 1666 437 1728 Nata
450 1683 576 1745 recens,
595 1673 626 1726 et
638 1664 740 1726 adhuc
752 1658 887 1746 unguine
902 1666 963 1726 lota
978 1666 1082 1727 madet
1097 1665 1152 1748 (l),

300 1758 404 1842 relax,
420 1761 549 1822 illustris
563 1762 718 1832 Ptolemaei
733 1763 815 1842 regia
830 1764 956 1841 conjux,

357 1863 423 1934 Qua
436 1861 503 1921 sine
519 1879 581 1921 non
594 1861 670 1946 ipsae
686 1869 759 1922 sunt
773 1860 912 1923 Charites
926 1861 1066 1923 Charites
1079 1860 1127 1944 (2).

249 2058 377 2128 Talium
394 2058 583 2128 carminum
598 2067 717 2130 auctor
737 2081 947 2152 magnopere
967 2081 986 2129 a
1007 2060 1217 2154 principibus

201 2176 294 2267 diligi
321 2175 438 2245 debuit
453 2200 469 2256 ;.
485 2199 548 2246 nec
571 2177 661 2246 enim
688 2177 896 2267 injucunde,
920 2200 983 2248 nec
1001 2179 1121 2249 inscite
1141 2181 1220 2272 ple-

201 2318 345 2390 rumque
373 2296 557 2367 blanditur.
585 2298 703 2391 Itaque
728 2305 855 2390 praeter
878 2299 1026 2369 honores
1048 2320 1108 2369 eos
1133 2320 1220 2392 quos

199 2415 233 2484 in
260 2417 378 2485 Museo
403 2436 482 2484 cum
514 2415 637 2485 ceteris
666 2416 915 2509 participabat,
939 2417 1217 2487 constantissimo

201 2532 390 2625 potentium
422 2531 538 2600 lavore
575 2531 696 2602 lruitus
732 2540 804 2612 cst,
839 2540 873 2601 et
904 2534 1042 2624 propria
1079 2555 1220 2603 munera

201 2648 331 2719 habuit.
352 2647 571 2718 Bibliothecae
599 2649 689 2718 enim
719 2649 983 2730 Alexandrinae,
1014 2659 1052 2719 ut
1079 2658 1222 2724 testatur
1352 2714 1355 2719 .

201 2767 373 2838 Ritschelii
407 2768 578 2851 scholion,
611 2756 818 2860 praepositus
845 2768 907 2837 luit
932 2767 1009 2862 (3),
1043 2791 1221 2840 successor

206 2886 369 2956 Zenodoti
387 2887 538 2969 electus,
573 2893 740 2976 vergente
768 2884 938 2956 adfinem
968 2907 1076 2976 regno
1106 2886 1221 2957 Phila-

204 3004 331 3097 delphi.
351 3005 476 3088 Quanti
502 3013 615 3075 autem
639 3004 803 3076 momenti
825 3004 859 3074 id
877 3003 1103 3074 ministerium
1122 3007 1222 3075 luerit

205 3123 287 3192 satis
301 3122 417 3218 aperte
433 3122 581 3193 declarat
598 3122 670 3214 ipsa
688 3119 1023 3190 bibliothecariorum
1045 3121 1199 3192 omnium
1213 3178 1220 3202 ,

205 3261 292 3332 quos
322 3240 497 3319 novimus,
535 3239 659 3319 series;
691 3238 750 3331 qui
781 3246 860 3307 sunt
883 3237 1095 3320 Zenodotus,
1121 3238 1222 3309 Calli·

245 3447 284 3530 ll)
297 3450 401 3511 Veteri
425 3467 510 3509 more
526 3449 657 3509 inlantes
680 3457 819 3509 recenter
840 3449 904 3509 nati
914 3432 916 3436 ἲ
928 3451 1094 3529 unguentis
1108 3450 1220 3511 ablue·

207 3548 331 3609 bantur.

248 3644 617 3727 (dlllallim.,Epip.LV.
676 3665 678 3670 ·
1187 3657 1190 3661 ’

249 3743 287 3827 (3)
314 3746 384 3807 Vid.
415 3744 508 3807 Sebol.
541 3744 625 3824 apud
652 3743 786 3823 llitschl,
819 3762 850 3822 p.
882 3743 910 3804 3.
951 3743 1216 3822 «Callimachus,
1282 3769 1284 3773 ⁴

207 3846 324 3909 aulicus
348 3848 449 3929 reptas
470 3845 724 3925 bibliothecarius,
746 3845 800 3924 qui
822 3845 919 3920 etiam,
938 3846 1067 3926 singulis
1088 3845 1222 3907 volumi-

209 3948 301 4009 nibus
314 3948 420 4008 titulos
432 3946 601 4025 inscripsit.
623 3967 636 4004 t
