2942 4709
669 280 864 350 ..50-

256 407 446 519 fragmenta
501 404 721 523 'reperiuntur
773 413 1069 521 negligentissime
1129 430 1271 523 scripta,

255 546 379 640 quibus
403 546 628 617 Callimachus
660 546 745 616 iram
764 567 944 617 excusare·
959 553 1090 639 posset.
1122 546 1179 616 En
1201 547 1273 628 hie,

180 709 182 712 ψ
254 666 404 758 exempli
427 665 559 756 gratia,
584 687 689 736 unum
714 666 859 736 referam
884 690 891 734 :

360 904 479 976 Κήρυκας
493 900 650 955 &duodicim
661 901 741 976 pipam
758 899 869 975 pillum
884 894 966 953 οἴνοιο

361 987 451 1062 Acria,
462 1000 608 1066 ἐνίπλειον,
627 998 747 1054 *elidendo
763 1019 779 1052 τ
791 989 863 1054 ’ὅττι
878 1000 995 1074 φέριστον

357 1093 434 1154 Οἷσιν
448 1098 485 1151 ἐνὶ
498 1097 621 1172 μεγάροις
632 1102 718 1151 κεῖται
731 1097 833 1171 μέλιτος
843 1096 975 1157 πεπληθός
987 1088 1036 1173 (l).
1134 1126 1137 1132 ·

286 1304 289 1310 ’
303 1306 526 1378 Antimachus
544 1306 649 1397 igitur
665 1306 816 1378 imitator
835 1306 1085 1378 Homerixnullo
1102 1307 1205 1379 modo
1218 1309 1279 1380 luit

254 1424 381 1520 quippe
415 1424 474 1519 qui
508 1420 548 1494 od
582 1420 713 1495 usitatis
749 1419 910 1519 deflectere
943 1420 1122 1507 studuerit,
1161 1432 1198 1494 ut
1230 1426 1278 1496 ait

256 1542 444 1635 Dionysius
475 1540 543 1636 (2).
577 1542 666 1612 Eum
695 1527 810 1635 potius
834 1541 1019 1635 lyricorum
1051 1551 1168 1612 vatum
1199 1545 1277 1636 plus

256 1684 357 1756 aequo
386 1662 548 1760 aemulum
584 1660 772 1732 crederem.
798 1659 904 1744 ,Quod
932 1660 1070 1755 quidem
1102 1661 1280 1740 denuntiat

256 1803 297 1852 ea
337 1779 372 1850 in
412 1779 590 1851 sententiis
626 1779 787 1862 andacia,
826 1779 856 1849 is
891 1780 1151 1851 translationum
1194 1802 1279 1851 usus

259 1896 482 1989 frequentior,
520 1894 618 1989 isque
654 1895 744 1966 circa
787 1894 910 1966 verba.
934 1895 1031 1966 labor
1075 1902 1274 1989 perpetuus.

252 2013 407 2106 Denique
429 2014 535 2083 multa
561 2012 663 2083 etiam
685 2035 737 2091 ex
761 2012 884 2084 Dorica
913 2014 1048 2104 lingua,
1080 2035 1160 2108 quae
1191 2015 1280 2107 lyri-

257 2136 376 2206 corum
398 2138 473 2213 est,
505 2151 690 2222 usurpasse
707 2152 787 2232 eum
816 2138 962 2202 testatur
989 2130 1150 2204 Nicandri
1173 2132 1280 2203 scho-

254 2250 394 2330 liastes,
428 2248 488 2343 qui
519 2249 650 2319 huncce
681 2249 763 2319 dicit
793 2246 953 2322 emulum
978 2234 1165 2321 Audimuchi
1190 2272 1274 2333 esre,

260 2380 374 2465 utque·
389 2366 466 2440 ideo
499 2364 614 2440 Dorice
631 2366 801 2466 interdum
834 2366 922 2465 loqui
951 2366 1019 2463 (3).
1053 2363 1156 2441 ldem'
1175 2371 1278 2441 testi-

258 2485 409 2556 monium
443 2506 507 2555 nos
541 2475 658 2555 monet
689 2484 930 2556 Antimachum
964 2486 1157 2558 inhonore
1188 2487 1280 2580 apud

256 2602 422 2697 quosdam
456 2577 707 2672 Alexandrinos
742 2609 862 2694 poetas
890 2603 1009 2698 fuisse.
1044 2605 1083 2672 ln
1115 2625 1157 2675 eo
1185 2603 1280 2673 enim

258 2717 526 2788 Alexandrinam
546 2716 698 2788 indolem
710 2717 782 2807 jam
797 2717 909 2811 aliqua
921 2739 967 2787 ex
983 2727 1082 2811 parte
1098 2698 1279 2809 agnoscas,

256 2837 388 2930 Nempe
405 2836 479 2929 ipse
494 2835 615 2907 doctus
635 2836 718 2918 luit,
736 2843 771 2907 et
788 2859 833 2907 ex
849 2836 1077 2908 ostentatione
1092 2836 1276 2919 doctrinm,

219 2993 237 3006 m
260 2953 348 3022 siout
362 2952 470 3022 lllusei
491 2951 694 3045 scriptoreS,
713 2952 749 3020 in
761 2951 970 3035 carminibus
991 2952 1126 3023 laudem
1144 2952 1280 3023 videtur

257 3079 393 3163 captare
423 3069 587 3140 voluisse.
617 3068 684 3140 Sed
717 3069 747 3143 si
776 3069 1017 3140 Alexandrinis
1049 3069 1093 3141 ad
1120 3070 1280 3164 quaedam

260 3188 371 3257 studia
389 3187 480 3257 viam
497 3187 728 3279 praemunivit,
750 3194 841 3257 certe
852 3185 896 3257 ad
910 3187 1127 3257 formandam
1140 3208 1273 3268 eorum,

255 3325 358 3397 quam
378 3303 586 3398 quaerimuS,
606 3312 715 3374 artem
734 3319 805 3373 non
821 3325 948 3394 magno
964 3303 1163 3395 adjumento
1175 3303 1280 3382 luisse

253 3407 429 3518 putandus
458 3433 531 3506 est,
558 3424 685 3519 quippe
709 3426 768 3520 qui
795 3434 868 3497 arte
895 3426 1090 3520 praesertim
1114 3425 1275 3497 caruerit.

298 3654 614 3741 [llhnrim.1²raqm.,
629 3676 659 3738 p.
675 3658 715 3719 29
732 3657 791 3742 (ed.
809 3657 921 3740 Didotl.

301 3772 340 3857 (2)
362 3785 426 3836 'roh‘
440 3782 569 3841 συνήθους
595 3786 642 3841 τῆς
664 3781 811 3857 ἐξαλλαγῆς
837 3782 993 3859 ἱφρόντισεν.
1012 3775 1159 3857 (DionYS.
1179 3775 1274 3837 Helie.

263 3876 399 3938 Censura
413 3880 545 3937 velerum
561 3871 678 3956 script.)

306 3972 344 4057 (3)
358 3974 425 4036 Nic.
443 3971 484 4036 ad
500 3972 585 4036 Ther.
599 3973 675 4053 scd„
691 3992 722 4036 v.
739 3974 768 4035 3.
