2942 4709
669 271 873 379 ,-ao†
964 241 966 243 ’

268 422 353 492 chus
370 478 378 505 ,
401 423 737 518 atqueiuterpretum
754 423 933 492 innumera
940 420 1031 511 legio
1042 421 1206 514 perficere
1222 421 1289 492 de-

267 542 406 613 bebant.
425 542 580 637 Denique
601 538 766 614 iudicibus
782 542 848 614 illis
865 541 1054 612 verborum
1074 541 1147 612 sive
1163 541 1288 613 barba-

269 682 404 742 rorum,
423 660 496 733 sive
515 661 658 751 alicujus
673 662 822 732 auctoris
839 661 1073 754 propriorum,
1091 662 1286 754 exemplum

269 777 500 868 grammaticis
518 776 644 860 dabat,
662 777 719 871 qui
739 785 858 870 postea
873 776 994 847 lexicis
1016 775 1089 847 suis
1104 775 1291 848 bibliotbe-
1313 827 1315 832 -

270 919 328 967 cas
347 897 544 989 implevere.

492 1187 495 1195 ¹
578 1205 652 1280 ,De
665 1206 793 1306 scriptia
803 1206 985 1376 poeticis.

320 1475 425 1544 Prosa
458 1474 596 1567 quidem
633 1476 760 1575 scripta
725 1477 841 1546 tad
879 1478 1082 1549 tradendum
1114 1479 1308 1578 memoriae.

268 1590 462 1687 Callimachi
478 1614 604 1662 nomen
623 1591 850 1665 sufficiebant.
871 1595 938 1665 Sed
958 1595 1034 1680 baec
1050 1617 1130 1689 pars
1147 1618 1290 1689 operum

177 1751 184 1755 ι
272 1709 346 1798 ejus
365 1707 506 1786 minima
524 1715 609 1778 erat.
638 1708 815 1803 Praecipue
833 1712 924 1793 enim
940 1713 976 1782 iu
978 1720 1030 1782 ter
1045 1722 1126 1806 poet
1128 1735 1166 1783 as
1113 1713 1289 1783 tinela-

269 1828 355 1909 ruit,
387 1827 605 1923 maximeque
628 1829 820 1900 carminum
852 1832 943 1903 lama
976 1831 1227 1915 subnitebatur,
1251 1840 1290 1902 ut

270 1945 382 2025 illum,
434 1965 537 2038 quem
583 1943 754 2027 diximum
807 1947 843 2017 in
894 1948 1014 2019 Museo
1061 1948 1290 2041 principatum

271 2062 331 2132 obt
318 2062 497 2133 tineretet
513 2068 701 2131 exerceret.
753 2126 755 2130 .

320 2179 459 2248 Poemat
446 2185 518 2247 tum
541 2186 674 2259 autem,
696 2178 784 2248 sicut
805 2185 839 2247 et
862 2201 976 2272 prosae
1000 2181 1183 2264 oratiouiS,
1206 2183 1290 2252 nulli

269 2293 387 2383 generi
403 2292 538 2363 alienus·
550 2292 658 2398 videri
675 2293 798 2383 gloriae.
815 2316 889 2364 suae
922 2295 1088 2367 interesse
1107 2297 1290 2368 arbitratus

271 2416 336 2480 est.
357 2410 479 2480 Omnia
495 2411 586 2480 enim
600 2418 801 2500 argumenta
818 2405 988 2483 tractarit.
1007 2415 1216 2507 Supersunt,
1235 2417 1291 2485 vel
1397 2466 1399 2470 ,

270 2528 305 2595 in
329 2526 498 2618 Hymnis,
521 2526 574 2595 vel
597 2525 631 2594 in
655 2526 854 2617 fragmentis
874 2528 967 2618 ejus,
992 2530 1120 2600 heroici
1145 2553 1287 2614 versuS‚

272 2645 379 2736 elegi,
412 2644 536 2726 iambi,
569 2643 775 2727 choliambi,
809 2647 963 2741 lyraeque
991 2648 1117 2719 diversi
1139 2651 1285 2720 numeri.

271 2763 419 2855 Operum
435 2763 549 2830 autem
577 2759 682 2830 iudex
699 2762 794 2857 apud*
806 2763 944 2833 Suidam
967 2765 1199 2858 amplissimus
1214 2774 1285 2847 est;

271 2879 396 2973 quippe
441 2879 588 2972 citantur
635 2878 836 2969 tragoediae,
863 2882 1083 2966 comoediae,
1132 2878 1289 2975 poemata

273 2997 438 3089 satyrica,
473 2996 588 3088 epioe,
622 2995 846 3079 didascalica,
886 2997 1033 3093 denique
1062 3001 1169 3069 multa
1197 3000 1286 3081 alia,

270 3134 413 3208 quorum
444 3114 554 3183 forma
580 3135 760 3209 genusque
792 3114 981 3206 ignoratur,
1015 3124 1049 3186 et
1082 3138 1162 3210 quae
1183 3116 1291 3187 critici

272 3231 408 3326 proprio
438 3231 535 3301 titulo
564 3230 854 3322 designaverunt,
891 3234 979 3304 siout
1002 3229 1059 3304 loa
1084 3230 1284 3317 adveutum,

269 3343 365 3444 Spes,
379 3341 550 3430 Semelen,
570 3341 780 3431 Bruuclroru,
802 3343 985 3419 Goloteom.

319 3463 478 3533 Attamen
512 3486 532 3535 e
564 3470 615 3534 tot
644 3463 779 3557 scriptis
807 3462 966 3556 quaedam
991 3466 1086 3535 fuere
1115 3485 1194 3558 quae
1217 3486 1290 3558 prae

272 3582 393 3652 ceteris
439 3582 654 3667 eminebant,
695 3583 893 3675 auctorique
928 3604 991 3654 suo
1032 3583 1288 3655 celeberrimam

272 3703 398 3780 famam
411 3711 626 3797 pepererant.
646 3704 719 3773 Non
734 3703 823 3773 euim
843 3702 959 3772 omnia
973 3703 1289 3798 aequeaveteribus

274 3820 465 3892 laudantur.
492 3822 558 3892 Sed
591 3844 631 3892 ea
659 3843 804 3917 quorum
830 3821 1022 3915 saepissime
1047 3823 1177 3892 mentio
1199 3823 1288 3893 faeta

273 3946 344 4022 est,
376 3947 409 4008 et
431 3960 511 4034 quae
539 3939 615 4010 ideo
643 3938 898 4011 absolutissima
919 3939 1073 4028 judicare
1097 3937 1198 4022 licet,
1222 3939 1288 4010 tria
