2942 4709
662 206 855 278 ..22-

250 358 369 450 gloriae
391 382 491 431 curru
523 361 620 432 facile
644 361 813 432 evehitur.
837 363 904 433 Sed
926 362 1039 432 eidem
1059 360 1272 431 nullomodo

251 480 384 571 placere
409 485 555 572 possunt
582 480 653 549 vita
680 478 724 551 ad
750 486 877 551 certam
906 502 1063 552 normam
1084 478 1268 571 disposita.

249 596 360 667 victus
375 596 621 678 communitae,
639 599 842 667 aemulorum
859 598 1002 679 vicinia,
1023 604 1198 690 postremo
1211 596 1272 665 irae

250 719 285 783 et
321 713 461 783 invidiae
479 735 558 808 quae
585 713 664 784 inde
690 714 773 785 oriri
796 717 918 785 solent.
947 715 1141 785 Delectatur
1160 714 1273 806 potius

250 830 431 900 solitudine
472 838 574 924 atque
612 831 702 913 otio,
741 830 822 901 dum
864 854 925 926 sua
963 832 1113 903 carmina
1155 852 1272 901 secum

250 951 397 1020 revolvit

638 1141 724 1201 Circa
740 1160 849 1205 nemus
866 1143 1015 1222 uvidique

157 1275 161 1284 ·
238 1308 241 1312 ,
355 1234 477 1303 Tiburis
494 1243 597 1321 ripas3

252 1450 372 1542 cuncta
384 1443 455 1532 agit
473 1444 546 1512 sine
566 1445 660 1533 lege,
683 1443 836 1513 mutabili
853 1443 1001 1537 quodam
1020 1441 1126 1512 animi
1143 1414 1272 1534 impetu

136 1575 141 1579 ’
251 1542 382 1652 pulsus.
410 1560 500 1643 Quid
530 1569 644 1631 autem
676 1561 729 1631 his
757 1560 910 1630 moribus
934 1560 1044 1650 magis
1065 1560 1273 1630 contrarium

253 1699 357 1772 quam
378 1678 434 1747 illa
448 1679 488 1746 in
507 1680 628 1752 Museo
647 1680 716 1749 vita
732 1700 869 1771 semper
888 1679 951 1749 sibi
975 1700 1194 1759 consonam,
1214 1677 1273 1748 ubi

253 1814 374 1862 omues
389 1815 457 1863 una
478 1794 694 1876 habitabant,
712 1817 780 1864 una
796 1794 1040 1876 comedebant,
1056 1793 1114 1863 ubi
1134 1815 1270 1887 quaque

253 1909 357 1991 hora,
392 1918 435 1988 ut
455 1911 504 1981 ita
534 1910 662 1992 dicam,
697 1910 937 2000 designabatur
965 1911 1047 2005 quid
1079 1910 1273 1981 faciendum

138 2071 142 2076 ι
251 2027 366 2096 essetf
388 2027 566 2116 Ejusmodi
586 2028 667 2096 vitae
686 2009 867 2119 disciplina
890 2028 931 2096 iis
956 2028 1015 2120 qui
1034 2026 1194 2097 scientias
1214 2034 1273 2095 aut

254 2142 503 2234 philosophiam
532 2150 694 2213 exercent
720 2150 835 2236 potest
869 2143 1062 2213 conducere
1094 2168 1100 2210 :
1132 2142 1274 2212 scientia

253 2260 343 2329 enim
361 2258 544 2352 aliquando
561 2260 759 2329 societatem
782 2258 937 2328 laborum
953 2259 1113 2354 requirit,
1133 2268 1168 2327 et
1186 2280 1275 2328 non-

252 2380 357 2448 nullae
387 2377 597 2472 quaestiones
628 2375 834 2469 disputando
870 2377 1002 2447 facilius
1032 2378 1272 2456 enucleantur;

80 2567 84 2576 ,
144 2594 147 2597 ⁴
251 2517 363 2590 neque
396 2496 519 2565 mirum
556 2496 584 2565 si
617 2495 828 2565 Athenarum
858 2496 973 2566 lllusea
1006 2518 1026 2565 a
1060 2494 1274 2588 philosophis

251 2612 389 2683 fundata
418 2614 566 2690 fuerunt.
593 2612 660 2682 Sed
682 2612 835 2705 plerique
859 2620 971 2705 poetae
999 2634 1018 2682 a
1040 2612 1099 2682 tali
1120 2610 1276 2681 instituto

256 2752 393 2823 semper
408 2730 655 2801 abhorrebunt.

302 2847 492 2927 Exstitere‚
530 2849 617 2917 inter
643 2848 948 2941 praestantissimos
976 2847 1078 2936 hujus
1110 2846 1275 2939 temporis

252 2973 390 3058 poetae,
418 2965 489 3057 qui
534 2966 643 3035 Musei
682 2965 843 3036 convivis
884 2963 1032 3034 adscribi
1075 2965 1275 3043 noluerunt,

251 3081 408 3177 quamvis
439 3081 712 3152 sollicitarentur.
735 3082 934 3162 Menander,
964 3081 1126 3151 aSotere
1154 3079 1277 3169 largis-

253 3198 349 3268 simis
365 3199 518 3291 praemiis
534 3199 696 3270 invitatus
712 3208 749 3268 ut
765 3198 1009 3270 Alexandriam
1024 3199 1175 3279 veniret,
1197 3218 1276 3267 suas

250 3315 403 3386 Athenas
432 3325 630 3387 constanter
661 3317 867 3409 anteposuit.
902 3316 1022 3386 Paucis
1062 3323 1141 3408 post
1176 3314 1292 3384 annis-

252 3434 450 3505 Theocritus
477 3436 512 3507 in
543 3437 655 3506 aulam
695 3434 904 3526 Philadelphi
941 3458 978 3505 se
996 3496 998 3500 .
1015 3429 1177 3516 contulit,
1218 3432 1277 3504 ubi

252 3550 457 3645 magnifice'
479 3562 644 3647 exceptus
683 3559 754 3631 est;
804 3554 976 3647 hujusque
1012 3552 1275 3652 generosissimi

252 3672 455 3764 protectoris
489 3671 607 3742 laudes
638 3677 741 3765 atque
778 3693 859 3763 erga
888 3664 1008 3765 poetas
1040 3670 1207 3741 beneficia
1242 3670 1277 3739 in

152 3857 154 3862 ,
252 3788 382 3881 idylliis
410 3790 481 3860 suis
508 3791 618 3874 effuse
647 3789 789 3870 cecinit;
820 3811 890 3883 quo
916 3790 1054 3883 quidem
1078 3788 1276 3858 testimonio

252 3907 334 3977 nihil
363 3915 416 3978 est
446 3908 589 4001 principi
614 3907 908 3994 honorificentius,
931 3909 1037 3979 ‹ldem
1072 3916 1187 3978 tamen
1222 3907 1278 3975 ille
