2942 4709
641 274 836 344 ..88-

225 421 388 495 ostendit.
409 425 520 508 Quam
538 432 652 496 autem
669 425 846 496 dissimilis
863 425 983 505 fuerit,
1014 423 1049 492 in
1083 423 1247 494 didasca-

227 541 321 624 licis,
356 562 475 622 eorum
502 537 679 614 auctomm
697 543 783 614 ratio
802 597 810 625 ,
830 541 889 638 qui
909 548 988 613 ante
1005 540 1246 612 Ptolemaicam

227 666 364 729 aetatem
384 658 617 752 scripserunt,
638 659 735 730 facile
754 657 936 748 intelliges,
958 657 987 728 si
1009 656 1169 728 Nicandri
1186 664 1245 727 aut

227 774 321 847 Arati
338 798 458 846 versus
475 799 553 848 cum
571 777 771 867 fragmentis
786 775 997 846 Archestrati
1015 765 1111 845 Geloi
1127 775 1209 844 conl
1226 815 1246 827 -

227 912 302 974 ras,
321 892 380 985 qui
400 892 611 984 temporibus
627 892 814 962 Alexandri
830 891 945 981 Magni
961 891 1068 973 vixit,
1088 912 1250 961 carmen-

228 1029 296 1100 que
312 1008 391 1078 lecit
407 1008 450 1077 de
465 1002 628 1105 opsoniis,
651 1008 695 1079 ab
711 1008 879 1079 Athenaeo
898 1008 1102 1078 illustratum
1120 1008 1247 1100 saepis-

227 1123 313 1194 sime
332 1133 366 1194 et
381 1123 602 1196 celebratum.
623 1126 677 1195 Ex
704 1147 794 1218 quo,
820 1126 969 1218 exempli
997 1124 1131 1216 gratia,
1156 1125 1247 1194 hune

229 1241 340 1348 locum
360 1242 404 1312 de
422 1263 504 1342 apro
524 1240 657 1316 emendo
677 1242 823 1314 referam
846 1269 853 1312 :

331 1523 420 1596 Αὐτὰρ
437 1526 462 1584 ἐς
475 1511 628 1599 Ᾱμὸρακίοιν
645 1524 737 1590 ἐλθὼν,
754 1522 898 1601 εὐδαίμονα
911 1530 1020 1600 χώραν,

332 1623 438 1697 Κάπρον
454 1624 498 1677 ἐὰν
512 1620 600 1699 ἐσίδῃς
610 1665 625 1689 ,ι
635 1628 717 1692 ὠνοῦ,
732 1627 777 1680 καί
789 1631 824 1700 μὴ
838 1627 993 1693 κατάλειπε,

331 1716 383 1775 Κᾶν
400 1722 547 1797 ἰσόχρυσος
562 1719 610 1797 ἔῃ,
628 1726 663 1797 pri
678 1744 721 1779 σοι
735 1726 835 1798 νέμεσις
848 1728 1018 1800 καταπνεύσῃ

331 1824 404 1878 Δεινὴ
421 1815 468 1875 ἀπ’
486 1820 623 1875 ἀθανάτων
639 1835 645 1848 ·
661 1822 691 1874 τὸ
704 1821 755 1896 γάρ
772 1824 841 1876 ἐστιν
856 1824 979 1898 νέκταρος
996 1819 1080 1883 ἄνθος.

333 1921 434 1973 Τούτου
446 1914 471 1973 δ’
488 1923 517 1973 οὐ
529 1921 599 1995 θέμις
613 1922 667 1975 ἐστὶ
680 1928 769 1995 φαγεῖν
780 1924 914 1981 θνητοῖσιν
930 1921 1081 1978 danum...

231 2166 341 2249 Quam
373 2167 585 2260 negligenter
618 2168 709 2238 haec,
726 2168 816 2237 dicta
843 2167 912 2238 sint
938 2168 1016 2262 quis
1036 2191 1106 2239 non
1128 2168 1250 2241 videt‘l

233 2303 282 2355 rat
297 2305 331 2376 pe
347 2299 485 2355 κατάλειπε
513 2304 626 2376 prosae
651 2291 703 2353 est
725 2283 913 2364 orationis;
937 2285 1106 2378 correptio
1128 2287 1252 2359 mediae

233 2400 374 2495 SyUabae
393 2400 427 2469 in
451 2399 627 2470 vocabulis
650 2410 816 2486 ἰσόχρυσος,
841 2411 1010 2487 καταπνεύσῃ
1034 2400 1158 2474 Vitiosa
1177 2411 1248 2483 esi,

232 2519 374 2590 verbum
400 2531 459 2589 ἔστι
480 2540 586 2612 parvo
611 2519 788 2614 intervallo
805 2518 858 2610 his
879 2519 1060 2618 repetitum
1075 2519 1248 2613 displicet;

208 2623 379 2731 'deniqne
408 2637 611 2734 compositio
643 2636 827 2707 verborum
861 2658 924 2705 nec
957 2644 1036 2729 apta
1066 2659 1130 2708 nec
1157 2637 1252 2709 finita

232 2754 379 2825 videtur.
407 2756 486 2825 Tale
512 2754 647 2825 dicendi
665 2757 775 2844 genus
803 2761 882 2845 post
901 2753 1142 2825 Callimachum
1169 2779 1255 2828 nus-

234 2894 337 2965 quam
355 2872 519 2965 reperias.

283 2989 388 3059 lllulta
415 2992 479 3060 alia
506 2989 661 3082 prosperi
690 2987 925 3058 Callimacheae
958 2989 1041 3060 artis
1072 3012 1254 3062 successus

236 3106 430 3176 testimonia
447 3105 675 3185 haberemuS‚
706 3104 735 3173 si
760 3104 915 3175 omnium
941 3105 1251 3178 Alexandrinorum
1298 3179 1300 3184 ,

231 3231 389 3322 poemata
407 3230 624 3316 superessent
638 3249 644 3302 ;
665 3245 744 3316 quae
759 3224 921 3320 pleraque
936 3225 1080 3317 periere.
1097 3226 1252 3319 Namque

234 3340 441 3423 Alexandri,
464 3339 712 3433 Euphorionis,
744 3338 863 3410 Rhiani
883 3362 923 3410 ac
946 3347 1137 3430 ceterorum
1163 3363 1254 3434 pau-

232 3457 399 3539 cissimae,
427 3479 514 3553 quas
543 3455 728 3539 hahemus,
756 3456 929 3550 reliquiae,
959 3464 1183 3551 veterumque
1211 3457 1255 3526 de

143 3622 145 3625 >
234 3576 317 3668 ipsis
344 3573 473 3666 judicia
502 3575 566 3646 hos
594 3581 715 3667 poetas
743 3597 864 3645 omnes
890 3575 1075 3645 ostendunt
1107 3597 1183 3645 esse
1213 3597 1259 3644 ex

234 3691 354 3762 eadem
371 3692 551 3785 disciplina
573 3692 758 3785 profectos.

282 3828 431 3899 Primum
450 3828 541 3898 enim
558 3827 753 3902 Alexander
762 3798 914 3911 AEtoluS,
932 3850 1021 3899 unus
1041 3850 1087 3898 ex
1103 3833 1254 3920 septem-

129 3977 132 3986 ·
233 3944 316 4015 viris
333 3945 475 4035 tragicae
503 3943 672 4026 pleiadis,
694 3944 836 4037 aequalis
857 3943 1051 4014 Callimachi
1077 3964 1117 4013 ac
1144 3941 1252 4013 Musei
