<?xml version="1.0" encoding="UTF-8"?>
<!DOCTYPE html PUBLIC "-//W3C//DTD XHTML 1.0 Transitional//EN"
    "http://www.w3.org/TR/xhtml1/DTD/xhtml1-transitional.dtd">
<html xmlns="http://www.w3.org/1999/xhtml" xml:lang="en" lang="en">
 <head>
  <title>
</title>
<meta http-equiv="Content-Type" content="text/html;charset=utf-8" />
  <meta name='ocr-system' content='tesseract 3.04.00' />
  <meta name='ocr-capabilities' content='ocr_page ocr_carea ocr_par ocr_line ocrx_word'/>
</head>
<body>
  <div class='ocr_page' id='page_1' title='image "./deartecallimach00thiogoog_0046.png"; bbox 0 0 2942 4709; ppageno 0'>
   <div class='ocr_carea' id='block_1_1' title="bbox 659 237 852 307">
    <p class='ocr_par' dir='ltr' id='par_1_1' title="bbox 659 237 852 307">
     <span class='ocr_line' id='line_1_1' title="bbox 659 237 852 307; baseline -0.01 -15"><span class='ocrx_word' id='word_1_1' title='bbox 659 237 852 307; x_wconf 67' lang='lat' dir='ltr'>..an-</span> 
     </span>
    </p>
   </div>
   <div class='ocr_carea' id='block_1_2' title="bbox 197 393 1278 2223">
    <p class='ocr_par' dir='ltr' id='par_1_2' title="bbox 197 393 1278 2223">
     <span class='ocr_line' id='line_1_2' title="bbox 250 393 1274 489; baseline 0.001 -26"><span class='ocrx_word' id='word_1_2' title='bbox 250 394 339 463; x_wconf 89' lang='lat' dir='ltr'>illius</span> <span class='ocrx_word' id='word_1_3' title='bbox 362 414 448 486; x_wconf 92' lang='lat' dir='ltr'>opus</span> <span class='ocrx_word' id='word_1_4' title='bbox 467 393 571 465; x_wconf 87' lang='lat' dir='ltr'>luisse</span> <span class='ocrx_word' id='word_1_5' title='bbox 599 395 775 465; x_wconf 78' lang='lat' dir='ltr'>contendit</span> <span class='ocrx_word' id='word_1_6' title='bbox 805 393 872 487; x_wconf 82' lang='lat'>(1).</span> <span class='ocrx_word' id='word_1_7' title='bbox 908 394 943 463; x_wconf 94' lang='lat' dir='ltr'>ld</span> <span class='ocrx_word' id='word_1_8' title='bbox 969 415 1107 464; x_wconf 90' lang='lat' dir='ltr'>carmen</span> <span class='ocrx_word' id='word_1_9' title='bbox 1127 403 1274 489; x_wconf 90' lang='lat' dir='ltr'>quatuor</span> 
     </span>
     <span class='ocr_line' id='line_1_3' title="bbox 249 508 1269 598; baseline 0 -20"><span class='ocrx_word' id='word_1_10' title='bbox 249 508 345 579; x_wconf 90' lang='lat' dir='ltr'>libris</span> <span class='ocrx_word' id='word_1_11' title='bbox 362 508 511 598; x_wconf 79' lang='lat' dir='ltr'>origines</span> <span class='ocrx_word' id='word_1_12' title='bbox 533 508 748 591; x_wconf 86' lang='lat' dir='ltr'>fabularum,</span> <span class='ocrx_word' id='word_1_13' title='bbox 770 532 810 579; x_wconf 91' lang='lat' dir='ltr'>ac</span> <span class='ocrx_word' id='word_1_14' title='bbox 834 531 966 579; x_wconf 87' lang='lat' dir='ltr'>morum</span> <span class='ocrx_word' id='word_1_15' title='bbox 985 517 1020 578; x_wconf 91' lang='lat' dir='ltr'>et</span> <span class='ocrx_word' id='word_1_16' title='bbox 1035 509 1269 581; x_wconf 90' lang='lat' dir='ltr'>institutorum</span> 
     </span>
     <span class='ocr_line' id='line_1_4' title="bbox 250 626 1274 721; baseline -0.001 -24"><span class='ocrx_word' id='word_1_17' title='bbox 250 627 389 697; x_wconf 90' lang='lat' dir='ltr'>causam</span> <span class='ocrx_word' id='word_1_18' title='bbox 412 626 592 696; x_wconf 79' lang='lat' dir='ltr'>referebat.</span> <span class='ocrx_word' id='word_1_19' title='bbox 618 628 705 711; x_wconf 85' lang='lat' dir='ltr'>Quae</span> <span class='ocrx_word' id='word_1_20' title='bbox 731 635 927 721; x_wconf 83' lang='lat' dir='ltr'>quanquam</span> <span class='ocrx_word' id='word_1_21' title='bbox 955 628 1097 697; x_wconf 90' lang='lat' dir='ltr'>materia</span> <span class='ocrx_word' id='word_1_22' title='bbox 1118 629 1274 698; x_wconf 79' lang='lat' dir='ltr'>Alexan-</span> 
     </span>
     <span class='ocr_line' id='line_1_5' title="bbox 251 735 1272 839; baseline 0.002 -24"><span class='ocrx_word' id='word_1_23' title='bbox 251 745 359 815; x_wconf 91' lang='lat' dir='ltr'>drinae</span> <span class='ocrx_word' id='word_1_24' title='bbox 381 743 484 813; x_wconf 91' lang='lat' dir='ltr'>indoli</span> <span class='ocrx_word' id='word_1_25' title='bbox 513 746 617 837; x_wconf 90' lang='lat' dir='ltr'>plane</span> <span class='ocrx_word' id='word_1_26' title='bbox 630 735 856 815; x_wconf 90' lang='lat' dir='ltr'>conveniebat</span> <span class='ocrx_word' id='word_1_27' title='bbox 881 744 1030 839; x_wconf 83' lang='lat' dir='ltr'>(quippe</span> <span class='ocrx_word' id='word_1_28' title='bbox 1054 746 1107 816; x_wconf 90' lang='lat' dir='ltr'>his</span> <span class='ocrx_word' id='word_1_29' title='bbox 1138 755 1272 839; x_wconf 90' lang='lat' dir='ltr'>tempo-</span> 
     </span>
     <span class='ocr_line' id='line_1_6' title="bbox 253 859 1275 955; baseline 0 -24"><span class='ocrx_word' id='word_1_30' title='bbox 253 862 348 931; x_wconf 87' lang='lat' dir='ltr'>ribus</span> <span class='ocrx_word' id='word_1_31' title='bbox 377 862 537 954; x_wconf 79' lang='lat' dir='ltr'>placuere</span> <span class='ocrx_word' id='word_1_32' title='bbox 565 883 701 955; x_wconf 84' lang='lat' dir='ltr'>semper</span> <span class='ocrx_word' id='word_1_33' title='bbox 722 870 923 953; x_wconf 84' lang='lat' dir='ltr'>argumenta</span> <span class='ocrx_word' id='word_1_34' title='bbox 948 859 1091 954; x_wconf 85' lang='lat' dir='ltr'>operum</span> <span class='ocrx_word' id='word_1_35' title='bbox 1118 862 1275 933; x_wconf 85' lang='lat' dir='ltr'>esubti-</span> 
     </span>
     <span class='ocr_line' id='line_1_7' title="bbox 251 977 1274 1071; baseline 0.001 -24"><span class='ocrx_word' id='word_1_36' title='bbox 251 978 341 1052; x_wconf 89' lang='lat' dir='ltr'>libus</span> <span class='ocrx_word' id='word_1_37' title='bbox 367 986 426 1047; x_wconf 90' lang='lat' dir='ltr'>aut</span> <span class='ocrx_word' id='word_1_38' title='bbox 447 978 632 1049; x_wconf 76' lang='lat' dir='ltr'>reconditis</span> <span class='ocrx_word' id='word_1_39' title='bbox 659 979 823 1050; x_wconf 91' lang='lat' dir='ltr'>doctrinis</span> <span class='ocrx_word' id='word_1_40' title='bbox 851 977 997 1071; x_wconf 87' lang='lat' dir='ltr'>petita),</span> <span class='ocrx_word' id='word_1_41' title='bbox 1025 987 1141 1049; x_wconf 91' lang='lat' dir='ltr'>tamen</span> <span class='ocrx_word' id='word_1_42' title='bbox 1171 980 1204 1048; x_wconf 92' lang='lat' dir='ltr'>in</span> <span class='ocrx_word' id='word_1_43' title='bbox 1234 1000 1274 1048; x_wconf 90' lang='lat' dir='ltr'>ea</span> 
     </span>
     <span class='ocr_line' id='line_1_8' title="bbox 197 1095 1271 1188; baseline 0.001 -24"><span class='ocrx_word' id='word_1_44' title='bbox 197 1115 199 1118; x_wconf 85' lang='lat'>·</span> <span class='ocrx_word' id='word_1_45' title='bbox 251 1095 365 1165; x_wconf 89' lang='lat' dir='ltr'>minus</span> <span class='ocrx_word' id='word_1_46' title='bbox 381 1095 513 1166; x_wconf 77' lang='lat' dir='ltr'>felicem</span> <span class='ocrx_word' id='word_1_47' title='bbox 525 1097 629 1176; x_wconf 81' lang='lat' dir='ltr'>luisse</span> <span class='ocrx_word' id='word_1_48' title='bbox 646 1095 887 1166; x_wconf 86' lang='lat' dir='ltr'>Callimachum</span> <span class='ocrx_word' id='word_1_49' title='bbox 903 1097 1070 1188; x_wconf 89' lang='lat' dir='ltr'>suspicor.</span> <span class='ocrx_word' id='word_1_50' title='bbox 1086 1095 1271 1166; x_wconf 88' lang='lat' dir='ltr'>Causarum</span> 
     </span>
     <span class='ocr_line' id='line_1_9' title="bbox 253 1213 1270 1307; baseline -0.001 -24"><span class='ocrx_word' id='word_1_51' title='bbox 253 1213 343 1283; x_wconf 91' lang='lat' dir='ltr'>enim</span> <span class='ocrx_word' id='word_1_52' title='bbox 368 1235 490 1305; x_wconf 91' lang='lat' dir='ltr'>poema</span> <span class='ocrx_word' id='word_1_53' title='bbox 523 1214 585 1284; x_wconf 84' lang='lat' dir='ltr'>luit</span> <span class='ocrx_word' id='word_1_54' title='bbox 620 1215 811 1307; x_wconf 83' lang='lat' dir='ltr'>pracsertim</span> <span class='ocrx_word' id='word_1_55' title='bbox 839 1213 1047 1284; x_wconf 87' lang='lat' dir='ltr'>obscuritate</span> <span class='ocrx_word' id='word_1_56' title='bbox 1081 1215 1270 1295; x_wconf 81' lang='lat' dir='ltr'>famosum,</span> 
     </span>
     <span class='ocr_line' id='line_1_10' title="bbox 252 1330 1275 1425; baseline -0.001 -26"><span class='ocrx_word' id='word_1_57' title='bbox 252 1339 289 1399; x_wconf 92' lang='lat' dir='ltr'>ut</span> <span class='ocrx_word' id='word_1_58' title='bbox 328 1338 472 1400; x_wconf 89' lang='lat' dir='ltr'>testatur</span> <span class='ocrx_word' id='word_1_59' title='bbox 502 1330 658 1401; x_wconf 84' lang='lat' dir='ltr'>Clemens</span> <span class='ocrx_word' id='word_1_60' title='bbox 697 1331 968 1408; x_wconf 79' lang='lat' dir='ltr'>Alexandrinus,</span> <span class='ocrx_word' id='word_1_61' title='bbox 1013 1330 1072 1425; x_wconf 90' lang='lat' dir='ltr'>qui</span> <span class='ocrx_word' id='word_1_62' title='bbox 1115 1331 1149 1401; x_wconf 94' lang='lat' dir='ltr'>id</span> <span class='ocrx_word' id='word_1_63' title='bbox 1193 1331 1275 1401; x_wconf 88' lang='lat' dir='ltr'>dicit</span> 
     </span>
     <span class='ocr_line' id='line_1_11' title="bbox 254 1446 1278 1539; baseline 0.001 -24"><span class='ocrx_word' id='word_1_64' title='bbox 254 1447 397 1516; x_wconf 91' lang='lat' dir='ltr'>multam</span> <span class='ocrx_word' id='word_1_65' title='bbox 412 1468 552 1539; x_wconf 91' lang='lat' dir='ltr'>operam</span> <span class='ocrx_word' id='word_1_66' title='bbox 565 1447 799 1537; x_wconf 80' lang='lat' dir='ltr'>grammaticis</span> <span class='ocrx_word' id='word_1_67' title='bbox 814 1447 896 1517; x_wconf 91' lang='lat' dir='ltr'>dare</span> <span class='ocrx_word' id='word_1_68' title='bbox 912 1447 1043 1529; x_wconf 90' lang='lat' dir='ltr'>solere,</span> <span class='ocrx_word' id='word_1_69' title='bbox 1061 1446 1278 1517; x_wconf 85' lang='lat' dir='ltr'>Cassandrae-</span> 
     </span>
     <span class='ocr_line' id='line_1_12' title="bbox 253 1561 1274 1656; baseline 0.001 -25"><span class='ocrx_word' id='word_1_70' title='bbox 253 1584 320 1656; x_wconf 89' lang='lat' dir='ltr'>quc</span> <span class='ocrx_word' id='word_1_71' title='bbox 350 1562 583 1655; x_wconf 84' lang='lat' dir='ltr'>Lycophronis</span> <span class='ocrx_word' id='word_1_72' title='bbox 608 1563 777 1634; x_wconf 85' lang='lat' dir='ltr'>assimilat</span> <span class='ocrx_word' id='word_1_73' title='bbox 794 1562 862 1655; x_wconf 63' lang='grc' dir='ltr'>(ἓ).</span> <span class='ocrx_word' id='word_1_74' title='bbox 883 1561 1102 1655; x_wconf 77' lang='lat' dir='ltr'>Epigramma</span> <span class='ocrx_word' id='word_1_75' title='bbox 1119 1563 1221 1633; x_wconf 91' lang='lat' dir='ltr'>etiam</span> <span class='ocrx_word' id='word_1_76' title='bbox 1240 1562 1274 1632; x_wconf 90' lang='lat' dir='ltr'>in</span> 
     </span>
     <span class='ocr_line' id='line_1_13' title="bbox 254 1681 1277 1775; baseline -0.001 -24"><span class='ocrx_word' id='word_1_77' title='bbox 254 1681 461 1771; x_wconf 82' lang='lat' dir='ltr'>Anthologia</span> <span class='ocrx_word' id='word_1_78' title='bbox 490 1682 703 1773; x_wconf 85' lang='lat' dir='ltr'>invenimus,</span> <span class='ocrx_word' id='word_1_79' title='bbox 731 1682 911 1775; x_wconf 88' lang='lat' dir='ltr'>Apollonio</span> <span class='ocrx_word' id='word_1_80' title='bbox 932 1682 1156 1771; x_wconf 80' lang='lat' dir='ltr'>grammatico</span> <span class='ocrx_word' id='word_1_81' title='bbox 1184 1684 1277 1752; x_wconf 90' lang='lat' dir='ltr'>assi-</span> 
     </span>
     <span class='ocr_line' id='line_1_14' title="bbox 255 1779 1274 1897; baseline 0.001 -31"><span class='ocrx_word' id='word_1_82' title='bbox 255 1805 414 1897; x_wconf 81' lang='lat' dir='ltr'>gnatum,</span> <span class='ocrx_word' id='word_1_83' title='bbox 440 1799 569 1893; x_wconf 89' lang='lat' dir='ltr'>alioqui</span> <span class='ocrx_word' id='word_1_84' title='bbox 594 1779 693 1891; x_wconf 84' lang='lat' dir='ltr'>plane</span> <span class='ocrx_word' id='word_1_85' title='bbox 719 1798 904 1879; x_wconf 90' lang='lat' dir='ltr'>insulsum,</span> <span class='ocrx_word' id='word_1_86' title='bbox 926 1797 968 1868; x_wconf 86' lang='lat' dir='ltr'>&#39;in</span> <span class='ocrx_word' id='word_1_87' title='bbox 994 1820 1063 1892; x_wconf 92' lang='lat' dir='ltr'>quo</span> <span class='ocrx_word' id='word_1_88' title='bbox 1089 1800 1143 1868; x_wconf 90' lang='lat' dir='ltr'>ille</span> <span class='ocrx_word' id='word_1_89' title='bbox 1167 1798 1274 1868; x_wconf 82' lang='lat' dir='ltr'>velic-</span> 
     </span>
     <span class='ocr_line' id='line_1_15' title="bbox 254 1911 1264 1996; baseline 0 -13"><span class='ocrx_word' id='word_1_90' title='bbox 254 1922 387 1991; x_wconf 87' lang='lat' dir='ltr'>menter</span> <span class='ocrx_word' id='word_1_91' title='bbox 411 1916 445 1984; x_wconf 93' lang='lat' dir='ltr'>in</span> <span class='ocrx_word' id='word_1_92' title='bbox 471 1915 597 1986; x_wconf 87' lang='lat' dir='ltr'>Causas</span> <span class='ocrx_word' id='word_1_93' title='bbox 625 1911 660 1985; x_wconf 87' lang='lat' dir='ltr'>et</span> <span class='ocrx_word' id='word_1_94' title='bbox 686 1916 721 1994; x_wconf 85' lang='lat' dir='ltr'>iu</span> <span class='ocrx_word' id='word_1_95' title='bbox 749 1923 921 1985; x_wconf 90' lang='lat' dir='ltr'>auctorem</span> <span class='ocrx_word' id='word_1_96' title='bbox 944 1937 1061 1985; x_wconf 88' lang='lat' dir='ltr'>earum</span> <span class='ocrx_word' id='word_1_97' title='bbox 1080 1916 1264 1996; x_wconf 89' lang='lat' dir='ltr'>invehitur,</span> 
     </span>
     <span class='ocr_line' id='line_1_16' title="bbox 253 2033 1277 2127; baseline 0 -24"><span class='ocrx_word' id='word_1_98' title='bbox 253 2033 411 2105; x_wconf 90' lang='lat' dir='ltr'>videlicet</span> <span class='ocrx_word' id='word_1_99' title='bbox 443 2035 695 2106; x_wconf 85' lang='lat' dir='ltr'>difficultatibus</span> <span class='ocrx_word' id='word_1_100' title='bbox 732 2035 904 2106; x_wconf 91' lang='lat' dir='ltr'>tenebrosi</span> <span class='ocrx_word' id='word_1_101' title='bbox 944 2037 1111 2127; x_wconf 90' lang='lat' dir='ltr'>poematis</span> <span class='ocrx_word' id='word_1_102' title='bbox 1147 2042 1277 2105; x_wconf 90' lang='lat' dir='ltr'>stoma-</span> 
     </span>
     <span class='ocr_line' id='line_1_17' title="bbox 256 2152 404 2223; baseline 0 -2"><span class='ocrx_word' id='word_1_103' title='bbox 256 2152 404 2223; x_wconf 90' lang='lat' dir='ltr'>chatus:</span> 
     </span>
    </p>
   </div>
   <div class='ocr_carea' id='block_1_3' title="bbox 359 2367 1173 2444">
    <p class='ocr_par' dir='ltr' id='par_1_3' title="bbox 359 2367 1173 2444">
     <span class='ocr_line' id='line_1_18' title="bbox 359 2367 1173 2444; baseline 0 -23"><span class='ocrx_word' id='word_1_104' title='bbox 359 2369 529 2442; x_wconf 80' lang='grc' dir='ltr'><strong>Καλλίμαχος</strong></span> <span class='ocrx_word' id='word_1_105' title='bbox 545 2369 574 2422; x_wconf 85' lang='grc' dir='ltr'>τὸ</span> <span class='ocrx_word' id='word_1_106' title='bbox 590 2370 732 2444; x_wconf 79' lang='grc' dir='ltr'><em>κάθαρμα,</em></span> <span class='ocrx_word' id='word_1_107' title='bbox 748 2370 777 2422; x_wconf 87' lang='grc' dir='ltr'>τὸ</span> <span class='ocrx_word' id='word_1_108' title='bbox 790 2372 927 2441; x_wconf 75' lang='grc' dir='ltr'><strong>παίγνιον,</strong></span> <span class='ocrx_word' id='word_1_109' title='bbox 947 2367 958 2422; x_wconf 84' lang='grc' dir='ltr'>ὁ</span> <span class='ocrx_word' id='word_1_110' title='bbox 976 2370 1078 2434; x_wconf 84' lang='grc' dir='ltr'><strong>ξύλινος</strong></span> <span class='ocrx_word' id='word_1_111' title='bbox 1090 2374 1151 2430; x_wconf 79' lang='grc' dir='ltr'><strong>νοῦς</strong></span> <span class='ocrx_word' id='word_1_112' title='bbox 1167 2383 1173 2395; x_wconf 91' lang='grc'><em>·</em></span> 
     </span>
    </p>
   </div>
   <div class='ocr_carea' id='block_1_4' title="bbox 410 2462 990 2545">
    <p class='ocr_par' dir='ltr' id='par_1_4' title="bbox 410 2462 990 2545">
     <span class='ocr_line' id='line_1_19' title="bbox 410 2462 990 2545; baseline 0.002 -23"><span class='ocrx_word' id='word_1_113' title='bbox 410 2467 499 2531; x_wconf 64' lang='lat' dir='ltr'>Alerni,-</span> <span class='ocrx_word' id='word_1_114' title='bbox 514 2468 526 2523; x_wconf 86' lang='grc' dir='ltr'>ὁ</span> <span class='ocrx_word' id='word_1_115' title='bbox 541 2469 646 2544; x_wconf 64' lang='grc' dir='ltr'><strong><em>γράψας</em></strong></span> <span class='ocrx_word' id='word_1_116' title='bbox 662 2465 741 2525; x_wconf 83' lang='grc' dir='ltr'><strong>Αἴτιοι</strong></span> <span class='ocrx_word' id='word_1_117' title='bbox 756 2470 928 2543; x_wconf 75' lang='grc' dir='ltr'><strong>Καλλιμάχου</strong></span> <span class='ocrx_word' id='word_1_118' title='bbox 943 2462 990 2545; x_wconf 75' lang='grc'>(3).</span> 
     </span>
    </p>
   </div>
   <div class='ocr_carea' id='block_1_5' title="bbox 256 2663 1277 2995">
    <p class='ocr_par' dir='ltr' id='par_1_5' title="bbox 256 2663 1277 2995">
     <span class='ocr_line' id='line_1_20' title="bbox 306 2663 1276 2756; baseline -0.003 -21"><span class='ocrx_word' id='word_1_119' title='bbox 306 2665 432 2736; x_wconf 88' lang='lat' dir='ltr'>Causas</span> <span class='ocrx_word' id='word_1_120' title='bbox 450 2664 553 2754; x_wconf 81' lang='lat' dir='ltr'>igitur</span> <span class='ocrx_word' id='word_1_121' title='bbox 575 2663 619 2734; x_wconf 93' lang='lat' dir='ltr'>ad</span> <span class='ocrx_word' id='word_1_122' title='bbox 641 2664 785 2754; x_wconf 82' lang='lat' dir='ltr'>gloriam</span> <span class='ocrx_word' id='word_1_123' title='bbox 810 2664 928 2734; x_wconf 88' lang='lat' dir='ltr'>Nostri</span> <span class='ocrx_word' id='word_1_124' title='bbox 943 2685 1063 2756; x_wconf 89' lang='lat' dir='ltr'>parurn</span> <span class='ocrx_word' id='word_1_125' title='bbox 1091 2664 1276 2734; x_wconf 89' lang='lat' dir='ltr'>contulisse</span> 
     </span>
     <span class='ocr_line' id='line_1_21' title="bbox 258 2777 1277 2877; baseline -0.002 -24"><span class='ocrx_word' id='word_1_126' title='bbox 258 2777 427 2877; x_wconf 83' lang='lat' dir='ltr'>suspicor,</span> <span class='ocrx_word' id='word_1_127' title='bbox 451 2782 497 2852; x_wconf 92' lang='lat' dir='ltr'>ita</span> <span class='ocrx_word' id='word_1_128' title='bbox 514 2790 552 2852; x_wconf 93' lang='lat' dir='ltr'>ut</span> <span class='ocrx_word' id='word_1_129' title='bbox 575 2782 662 2854; x_wconf 90' lang='lat' dir='ltr'>inter</span> <span class='ocrx_word' id='word_1_130' title='bbox 687 2782 771 2870; x_wconf 86' lang='lat' dir='ltr'>artis</span> <span class='ocrx_word' id='word_1_131' title='bbox 794 2781 1031 2854; x_wconf 88' lang='lat' dir='ltr'>Callimacheae</span> <span class='ocrx_word' id='word_1_132' title='bbox 1054 2793 1277 2852; x_wconf 89' lang='lat' dir='ltr'>monumenta</span> 
     </span>
     <span class='ocr_line' id='line_1_22' title="bbox 256 2897 1175 2995; baseline -0.004 -25"><span class='ocrx_word' id='word_1_133' title='bbox 256 2900 397 2970; x_wconf 89' lang='lat' dir='ltr'>minime</span> <span class='ocrx_word' id='word_1_134' title='bbox 416 2901 585 2992; x_wconf 90' lang='lat' dir='ltr'>hocopus</span> <span class='ocrx_word' id='word_1_135' title='bbox 603 2897 897 2995; x_wconf 89' lang='lat' dir='ltr'>annumerandum</span> <span class='ocrx_word' id='word_1_136' title='bbox 915 2920 992 2968; x_wconf 88' lang='lat' dir='ltr'>esse</span> <span class='ocrx_word' id='word_1_137' title='bbox 1005 2898 1175 2968; x_wconf 82' lang='lat' dir='ltr'>videatur.</span> 
     </span>
    </p>
   </div>
   <div class='ocr_carea' id='block_1_6' title="bbox 259 3144 1277 3528">
    <p class='ocr_par' dir='ltr' id='par_1_6' title="bbox 295 3144 1039 3230">
     <span class='ocr_line' id='line_1_23' title="bbox 295 3144 1039 3230; baseline -0.004 -23"><span class='ocrx_word' id='word_1_138' title='bbox 295 3146 333 3230; x_wconf 88' lang='lat' dir='ltr'>(t)</span> <span class='ocrx_word' id='word_1_139' title='bbox 345 3149 519 3227; x_wconf 85' lang='lat' dir='ltr'>Weichert‚</span> <span class='ocrx_word' id='word_1_140' title='bbox 545 3146 700 3209; x_wconf 84' lang='lat' dir='ltr'>Ueberdcs</span> <span class='ocrx_word' id='word_1_141' title='bbox 716 3144 832 3221; x_wconf 75' lang='lat' dir='ltr'>Labeo,</span> <span class='ocrx_word' id='word_1_142' title='bbox 850 3154 922 3225; x_wconf 79' lang='lat' dir='ltr'>etc,</span> <span class='ocrx_word' id='word_1_143' title='bbox 941 3165 972 3225; x_wconf 91' lang='lat' dir='ltr'>p.</span> <span class='ocrx_word' id='word_1_144' title='bbox 992 3146 1039 3205; x_wconf 73' lang='lat' dir='ltr'>la.</span> 
     </span>
    </p>

    <p class='ocr_par' dir='ltr' id='par_1_7' title="bbox 294 3243 958 3328">
     <span class='ocr_line' id='line_1_24' title="bbox 294 3243 958 3328; baseline -0.005 -22"><span class='ocrx_word' id='word_1_145' title='bbox 294 3245 332 3328; x_wconf 69' lang='grc' dir='ltr'>(λ)</span> <span class='ocrx_word' id='word_1_146' title='bbox 345 3248 439 3309; x_wconf 87' lang='lat' dir='ltr'>Clem.</span> <span class='ocrx_word' id='word_1_147' title='bbox 457 3247 558 3326; x_wconf 61' lang='lat' dir='ltr'>Alea,</span> <span class='ocrx_word' id='word_1_148' title='bbox 579 3246 688 3310; x_wconf 70' lang='lat' dir='ltr'>saram.</span> <span class='ocrx_word' id='word_1_149' title='bbox 710 3247 741 3321; x_wconf 89' lang='lat' dir='ltr'>V,</span> <span class='ocrx_word' id='word_1_150' title='bbox 758 3264 791 3324; x_wconf 94' lang='lat' dir='ltr'>p.</span> <span class='ocrx_word' id='word_1_151' title='bbox 810 3243 880 3305; x_wconf 73' lang='lat' dir='ltr'>tlt.</span> <span class='ocrx_word' id='word_1_152' title='bbox 955 3273 958 3284; x_wconf 61' lang='grc'><strong><em>«</em></strong></span> 
     </span>
    </p>

    <p class='ocr_par' dir='ltr' id='par_1_8' title="bbox 259 3343 1277 3528">
     <span class='ocr_line' id='line_1_25' title="bbox 299 3343 1277 3427; baseline -0.003 -22"><span class='ocrx_word' id='word_1_153' title='bbox 299 3345 338 3427; x_wconf 73' lang='grc'>(3)</span> <span class='ocrx_word' id='word_1_154' title='bbox 361 3349 422 3407; x_wconf 91' lang='lat' dir='ltr'>Hoc</span> <span class='ocrx_word' id='word_1_155' title='bbox 444 3346 599 3407; x_wconf 90' lang='lat' dir='ltr'>distichon</span> <span class='ocrx_word' id='word_1_156' title='bbox 622 3345 817 3424; x_wconf 83' lang='lat' dir='ltr'>Weichertus</span> <span class='ocrx_word' id='word_1_157' title='bbox 847 3343 1010 3423; x_wconf 80' lang='lat' dir='ltr'>Apollonio</span> <span class='ocrx_word' id='word_1_158' title='bbox 1034 3343 1152 3406; x_wconf 86' lang='lat' dir='ltr'>Rhodio</span> <span class='ocrx_word' id='word_1_159' title='bbox 1177 3349 1277 3422; x_wconf 84' lang='lat' dir='ltr'>poetae</span> 
     </span>
     <span class='ocr_line' id='line_1_26' title="bbox 259 3445 795 3528; baseline -0.004 -19"><span class='ocrx_word' id='word_1_160' title='bbox 259 3449 334 3510; x_wconf 81' lang='lat' dir='ltr'>falso</span> <span class='ocrx_word' id='word_1_161' title='bbox 351 3449 496 3510; x_wconf 88' lang='lat' dir='ltr'>attribuit</span> <span class='ocrx_word' id='word_1_162' title='bbox 509 3446 575 3528; x_wconf 87' lang='lat' dir='ltr'>(loc.</span> <span class='ocrx_word' id='word_1_163' title='bbox 595 3448 661 3526; x_wconf 71' lang='lat' dir='ltr'>cit,</span> <span class='ocrx_word' id='word_1_164' title='bbox 679 3467 711 3527; x_wconf 82' lang='lat' dir='ltr'>p.</span> <span class='ocrx_word' id='word_1_165' title='bbox 729 3445 795 3528; x_wconf 72' lang='lat' dir='ltr'>la).</span> 
     </span>
    </p>
   </div>
   <div class='ocr_carea' id='block_1_7' title="bbox 0 0 1489 4708">
    <p class='ocr_par' dir='ltr' id='par_1_9' title="bbox 0 0 1489 4708">
     <span class='ocr_line' id='line_1_27' title="bbox 0 0 1489 4708; baseline 0 0"><span class='ocrx_word' id='word_1_166' title='bbox 0 0 1489 4708; x_wconf 95' lang='lat' dir='ltr'> </span> 
     </span>
    </p>
   </div>
  </div>
 </body>
</html>
