2942 4709
619 232 812 302 ..17-

207 391 335 461 electus
365 389 432 484 (1).
459 390 624 473 Quisnam
650 391 749 460 fuerit
776 391 936 461 sacerdos
959 391 1031 489 ille,
1053 391 1135 484 quid
1152 391 1226 481 ejus

205 506 451 588 ministerium,
478 527 557 600 quae
571 506 774 588 auctoritas¹
798 507 856 576 diu
875 507 986 577 latuit.
1010 506 1077 576 Sed
1098 528 1223 577 recen-

206 627 331 698 tiorum
351 626 555 719 scriptorum
571 625 827 719 disquisitiones
848 648 920 696 rem
939 625 1081 697 feliciter
1098 628 1223 720 expla-

205 741 390 834 naverunt,
417 745 464 815 ita
495 752 532 814 ut
558 744 667 815 cuivis
687 744 731 815 ad
756 743 1031 834 investigandum
1051 746 1225 839 quomodo

206 866 428 935 constitutum
456 866 611 935 Muscam
635 865 737 935 luerit
759 886 837 935 sese
860 865 1052 955 accingenti
1075 865 1224 942 subitum

94 1078 96 1081 Ι
205 970 320 1053 lumen
366 985 598 1076 praeferretur.
642 983 780 1073 Lagidae
826 983 939 1062 enim,
988 993 1146 1066 auctore,
1188 993 1227 1054 ut

204 1102 352 1181 videtur,
379 1102 480 1191 hujus
503 1100 647 1170 instituti
676 1101 814 1183 Sotere,
836 1122 1008 1170 summum
1028 1099 1223 1193 pontificem

206 1218 268 1288 toti
290 1220 440 1311 AEgypto
465 1217 712 1310 praefecerunt,
737 1215 808 1309 qui
825 1215 939 1286 omnia
968 1237 1047 1310 quae
1073 1216 1118 1287 ad
1145 1218 1226 1286 reli-

205 1336 343 1425 gionem
382 1333 592 1427 pertinerent
634 1340 816 1404 tractaret.
782 1333 915 1403 tllle
955 1342 1090 1417 autem,
1143 1337 1225 1405 novi

194 1455 506 1545 „cujusdamcultus
524 1454 690 1537 minister,
707 1454 819 1523 det
757 1475 805 1522 ve
805 1457 906 1524 tustis
923 1455 1051 1547 AEgypt
1038 1454 1228 1526 timoribus

204 1569 391 1662 assumpti,
447 1578 589 1641 vocatur
642 1569 677 1638 in
735 1569 1014 1661 inscriptionibus
1068 1570 1228 1643 sacerdos
1300 1554 1302 1556 ¹

204 1688 411 1771 Alexandri,
438 1690 656 1783 Deorumque
677 1689 851 1771 Soterum,
873 1689 1022 1770 Deorum
1054 1690 1227 1760 Philadel·
1333 1719 1365 1766 „·

204 1808 373 1899 phorum,
387 1808 611 1901 Deorumque
640 1808 902 1877 Ptolemaeorum
925 1808 1100 1891 omnium,
1124 1808 1228 1879 etiam

204 1927 323 1997 vivent
325 1927 395 1995 ium
411 1926 480 2020 (2).
499 1926 585 1998 Nam
607 1927 745 2017 Lagidae
768 1947 839 1997 non
868 1926 1038 1997 modot
988 1951 1022 1997 ιιι
1025 1935 1076 1998 ter
1092 1930 1185 1999 coelit
1172 1936 1225 2000 tes

205 2051 284 2134 post
302 2050 468 2137 mortem,
485 2043 584 2112 sicuti
600 2051 719 2135 postea
724 2019 876 2112 Romani
895 2042 1071 2125 Caesares,
1092 2044 1229 2114 adscri-

205 2160 386 2241 bebantur,
406 2131 468 2229 sed
484 2160 586 2229 etiam
599 2168 783 2250 regnantes
793 2176 861 2239 θεοί,
877 2182 973 2230 more
988 2161 1222 2245 Pharaonum‚

191 2260 402 2348 audiebant.
429 2277 525 2347 Idem
549 2277 711 2348 sacerdos
732 2300 753 2348 a
782 2279 933 2349 consiliis
951 2278 1113 2370 principis
1130 2288 1222 2370 erat,

206 2401 306 2488 atque
322 2396 409 2465 inter
425 2395 525 2487 primi
538 2394 667 2465 ordinis
683 2416 843 2487 proceres
862 2395 1050 2465 habebatur
1071 2421 1077 2462 ε
1102 2395 1228 2488 quippe

206 2511 241 2580 in
276 2513 506 2583 monumentis
539 2512 735 2582 nominatur
767 2509 1037 2609 epistolopruplrus
1072 2520 1107 2581 et
1138 2533 1225 2608 pro-
1285 2510 1292 2530 ⁴

199 2624 344 2723 pinquat
361 2626 445 2723 repis
471 2627 634 2723 (συγγενής)
647 2609 663 2708 ζ
675 2650 779 2722 quem
798 2629 931 2697 titulum
953 2628 994 2697 iis
1025 2649 1094 2696 non
1118 2628 1228 2697 solum

205 2746 263 2837 qui
285 2768 322 2815 re
344 2769 424 2816 vera
448 2747 604 2836 cognati,
626 2746 687 2815 sed
710 2746 814 2815 etiam
835 2747 892 2839 qui
917 2754 1142 2835 cognatorum
1161 2744 1228 2837 fide

205 2862 299 2951 digni
316 2871 432 2946 erant,
456 2885 660 2933 concessum
682 2862 786 2931 luisse
804 2862 953 2933 ostendit
978 2861 1139 2933 Franzius
1157 2859 1225 2954 (3).

203 2980 365 3050 Constare
378 2989 492 3050 autern
507 2981 643 3051 videtur
658 2981 749 3049 hunc
761 2980 1093 3072 epistolographum,
1114 2999 1229 3055 sacer-

207 3097 324 3167 dotem
333 3098 519 3168 Alexandri
530 3100 846 3179 etPtolemaeorum,
861 3097 1020 3167 eumdem
1033 3119 1110 3167 esse
1120 3118 1225 3189 ,quem

205 3214 326 3285 Strabo
349 3216 469 3285 Museo
497 3216 719 3309 praepositum
751 3215 843 3284 dicit.
873 3215 1007 3283 Etenim
1040 3221 1074 3281 in
1105 3214 1224 3284 Graeco

203 3332 318 3414 titulo,
334 3327 474 3403 Adriani
488 3330 702 3427 imperatoris
711 3332 922 3426 temporibus
936 3333 1079 3425 scripto,
1099 3330 1227 3401 mentio

203 3457 255 3519 est
275 3450 318 3520 de
344 3451 381 3521 L.
400 3451 489 3521 lulio
506 3451 666 3532 Vestino,
699 3451 863 3543 principis
889 3432 989 3529 antea
1011 3448 1245 3542 paedagogo,

203 3569 260 3660 qui
275 3576 418 3639 vocatur
434 3590 584 3645 sommus
600 3565 809 3640 Alauondricc
826 3564 984 3661 totiusque
1000 3561 1129 3661 AEpppti
1146 3585 1228 3661 pon-

246 3757 415 3840 (listram
433 3760 486 3823 loc
504 3762 554 3822 cit.

245 3859 283 3940 (2)
298 3862 392 3928 Franz
406 3861 546 3940 ,Corpus
569 3861 706 3942 inscript.
728 3860 918 3934 oroemrum,
940 3866 961 3918 t
982 3859 1020 3917 lll
1032 3875 1087 3947 ,p
1107 3832 1177 3918 286

247 3958 360 4042 (3),
302 3961 345 4022 ld.
376 3961 449 4024 ibid
454 3982 511 4042 ,.p
531 3961 600 4024 290
