2942 4709
658 239 779 310 ..un
806 265 852 292 ,-

245 401 283 464 ut
311 395 386 485 ejus
406 395 498 465 ⁴artis
526 395 713 464 novitatem
745 396 810 464 rite
835 393 1049 484 judicemur,
1085 414 1193 485 pauca
1220 383 1288 493 de'

245 511 356 603 poetis
394 509 507 580 dicere
548 510 606 603 qui
642 519 721 580 ante
758 532 837 580 eum
867 510 900 579 in
931 507 1052 579 iisdem
1082 508 1265 598 generibus

243 649 367 698 nomen
384 627 588 697 habuerunt.

288 908 334 985 De
342 910 474 1011 poetico
491 911 574 985 ortis
587 909 716 985 ratione
731 909 772 982 ab
785 907 985 982 Homerood
997 906 1222 982 Pisistratum.

296 1169 333 1236 ln
366 1168 452 1238 duas
483 1174 598 1260 partes
628 1167 734 1237 dividi
768 1178 881 1259 potest
907 1169 1019 1241 omnis
1035 1167 1208 1259 epicorum
1230 1176 1264 1237 et

249 1286 475 1376 elegiacorum
516 1294 695 1378 poetarum
738 1289 845 1359 series
894 1310 974 1382 quae
1024 1275 1265 1357 Callimachum

198 1399 200 1402 ’
247 1412 348 1474 aetate
374 1404 606 1496 praecucurrit.
629 1404 696 1473 Alii
716 1405 760 1474 ab
778 1406 926 1477 Homero
955 1406 998 1476 ad
1027 1405 1261 1486 Pisistratum,

248 1520 304 1589 alii
320 1520 532 1590 a‘Pisistrato
548 1520 591 1590 ad
606 1522 838 1598 Alexandrum
859 1515 1027 1596 floruere,

298 1629 368 1705 Ex'
384 1635 449 1705 illis
476 1634 607 1728 primus
636 1637 783 1705 occurrit
812 1637 885 1728 ipse
915 1637 1104 1718 Homerus,
1134 1636 1266 1707 Graeeae

247 1773 393 1845 poeseos
408 1751 615 1846 princepset
631 1774 772 1845 parens,

648 1945 674 2006 Α
689 1923 750 2025 quo
764 1995 771 2027 ,
790 1966 845 2009 seu
860 1950 943 2009 sonte
956 1948 1100 2027 perenni,

410 2046 524 2106 Vatum
541 2045 650 2106 Pieriis
663 2061 719 2107 ora
736 2046 877 2126 rigantur
886 2046 988 2125 'aquis

246 2260 352 2330 Tanta
367 2260 592 2338 admiratione
609 2262 763 2338 omnium
779 2254 923 2333 ¹mentes
941 2263 1142 2355 impleverat
1157 2261 1264 2333 louici

156 2443 161 2450 .
250 2378 339 2449 vatis
367 2378 574 2461 sublimitas
597 2388 644 2449 *ut
674 2380 732 2450 diu
753 2382 967 2476 sequentium
986 2390 1127 2451 aetatum
1154 2390 1266 2474 poetae

246 2499 398 2570 earmina
411 2499 486 2589 ejus
497 2502 591 2569 velut
608 2485 855 2571 immutabilem
872 2501 1087 2572 versificandi
1109 2524 1265 2573 normam

248 2617 458 2710 acciperent,
473 2635 585 2711 neque
601 2618 789 2712 quidquam
802 2618 836 2687 in
855 2627 925 2689 tam
942 2621 1093 2712 perlecto
1108 2641 1266 2690 sermone

251 2734 315 2805 sub
332 2755 514 2820 censuram
539 2734 661 2805 eadere
685 2757 789 2828 posse
805 2736 1055 2806 existimarent.
1083 2736 1149 2806 Sed
1165 2743 1274 2829 post-,

246 2875 350 2947 quam
367 2851 590 2942 grammatica
605 2850 744 2923 inventa
760 2829 835 2936 est,
856 2854 1014 2947 incepere
1035 2854 1125 2925 docti
1142 2853 1260 2924 bomi-

246 2991 309 3041 nes
327 2968 465 3039 liberius
493 2969 536 3039 de
559 2963 709 3041 Homero
736 2970 910 3061 judicare3
937 2971 1125 3066 primisque
1154 2972 1266 3041 Ptole-

247 3108 414 3158 maeorum
430 3087 640 3180 temporibus
658 3088 800 3159 scientia
814 3089 871 3160 illa
885 3091 957 3180 jam
976 3090 1058 3160 satis
1074 3092 1173 3178 longe
1191 3111 1269 3182 pro-
1339 3089 1342 3100 '

192 3229 194 3232 ’
249 3225 367 3296 gressa
396 3211 486 3284 erat,
524 3211 561 3273 ut
592 3206 767 3284 nonnullae
784 3206 818 3275 in
835 3206 967 3296 fulgore
990 3205 1172 3276 Homerico
1190 3226 1265 3275 ma-

172 3309 175 3312 *
249 3321 336 3390 culae
347 3320 541 3390 criticorum
558 3321 676 3390 oculos
689 3321 916 3391 offenderent.
932 3323 1063 3393 Horum
1079 3321 1170 3391 enim
1187 3342 1268 3391 car·

249 3438 380 3522 minum
408 3439 517 3508 forma
547 3439 767 3533 antiquorum
786 3441 990 3511 saeculorum
1016 3439 1267 3532 simplicitatem

248 3558 442 3642 redolebat,
473 3557 726 3654 admiseratque
759 3561 887 3644 multa,
914 3585 993 3657 quae
1020 3559 1267 3632 recentioribus

248 3677 460 3781 temporibus
471 3678 605 3770 plaeere
619 3700 688 3748 nou
704 3686 874 3772 poterant.

298 3796 453 3889 Nempe,
478 3796 512 3866 in
542 3806 673 3879 metro,
697 3779 969 3890 reprehendendi
994 3799 1152 3869 videntur
1178 3796 1269 3890 apud

185 3923 188 3934 ¹
248 3915 433 3987 Homerum
458 3915 705 4010 frequentiores
736 3916 870 3998 hiatus,
904 3916 1096 4010 brevesque
1126 3916 1266 4009 syllabae
