2942 4709
597 297 791 365 ..35-

232 445 278 522 Dc
294 446 490 523 Nominibus
500 437 701 548 populorum
716 475 725 530 ;

233 564 341 640 lodan
357 566 598 640 inusitatorum
615 564 790 639 uerborum
818 561 1016 647 Democriti,
1052 587 1133 650 attae
1156 593 1204 639 eat

185 709 347 782 Δημοκρίτου
362 707 521 779 praeeat...
543 686 653 769 Quem
667 684 820 755 laborem
836 682 921 752 mihi
933 682 1068 753 videtur
1084 703 1207 752 emen-

186 805 309 875 dandae
326 806 456 895 linguae
476 812 578 900 atque
591 805 758 875 adversus
772 803 965 873 barbariem
984 800 1207 894 protegendae

185 945 289 993 causa
304 923 517 1016 suscepisse;
538 922 697 993 videlicet
713 980 720 1004 ‚
738 922 817 1015 quia
836 922 892 990 ille
908 928 1038 1001 auctor,
1058 920 1130 1010 jam
1147 940 1208 989 re-

107 1104 109 1106 .
186 1049 291 1111 motae
324 1040 456 1123 aetatis,
493 1048 596 1134 atque
627 1039 777 1110 Abderae
810 1047 929 1119 natus,
971 1037 1024 1106 vir
1056 1036 1206 1130 alioquin

186 1161 382 1254 praestantis
397 1160 525 1250 ingenii
544 1168 647 1254 atque
665 1159 890 1230 admiratione
909 1157 1021 1248 digni,
1042 1179 1111 1227 non
1122 1178 1207 1249 puro

187 1303 347 1351 sermone
362 1282 482 1351 Graeco
494 1281 665 1363 utebatur,
686 1302 798 1375 neque
816 1269 974 1371 exempla
998 1277 1041 1348 ad
1064 1276 1207 1347 imitan-

187 1397 267 1467 dum
286 1418 368 1467 sana
385 1395 563 1476 offerebat.

235 1514 315 1606 Ipso
332 1511 470 1606 quidem
488 1519 538 1582 tot
554 1505 697 1603 opeium
716 1510 813 1581 titulo
835 1511 915 1581 licet
933 1530 1121 1601 agnoscere
1134 1510 1210 1580 Cal·

188 1632 371 1706 limachum
395 1631 449 1701 his
473 1629 577 1700 rebus
602 1630 790 1700 maximam
811 1651 950 1722 operam
976 1629 1205 1723 impendisse,

186 1768 266 1841 quae
281 1746 325 1817 ad
340 1745 592 1839 explanandam
607 1744 855 1839 antiquitatem,
871 1753 972 1839 alque
985 1745 1028 1817 ad
1045 1746 1209 1839 interpre-

187 1863 328 1933 tandum
359 1861 526 1956 quidquid
545 1861 580 1930 in
596 1861 713 1952 lingua
731 1861 946 1931 reconditum
970 1862 1033 1944 sit,
1054 1862 1210 1955 pertine-

188 1979 284 2050 bant.
307 1979 454 2049 Scientia
471 1978 545 2071 ipsa
567 1987 699 2048 naturae
729 2000 799 2048 non
826 1977 1055 2058 abstinuerat;
1086 2000 1210 2071 nempe

189 2095 227 2169 de
242 2094 364 2168 Avibus
383 2097 661 2190 scriptiunculam
684 2096 786 2178 fecit,
817 2119 886 2167 non
921 2119 1039 2167 earum
1070 2097 1210 2167 nomina

189 2217 322 2285 tantum
359 2216 538 2294 referens,
584 2214 643 2285 sed
689 2213 887 2285 describens
925 2223 959 2285 et
994 2216 1142 2308 speciem
1178 2222 1212 2285 et

189 2355 322 2414 mores,
343 2333 431 2403 siout
448 2353 492 2401 ex
513 2333 712 2423 fragmentis
728 2341 819 2403 etex
833 2319 987 2411 veterdm
1005 2333 1210 2403 testimoniis

190 2433 324 2519 constat
344 2447 411 2543 (l).
639 2531 641 2534 v

236 2570 313 2638 Non
345 2567 503 2662 equidem
532 2569 634 2637 velim
659 2567 831 2637 affirmare
864 2568 939 2638 haec
971 2568 1086 2638 omnia
1106 2568 1211 2638 Calli-

190 2685 302 2754 machi
316 2707 421 2777 opera
439 2684 553 2774 magni
571 2683 670 2777 pretii
689 2684 815 2766 luisse,
846 2692 880 2753 et
907 2706 1026 2754 eorum
1041 2685 1210 2775 jacturam

189 2824 289 2896 aeque
308 2824 348 2873 ac
365 2810 561 2895 poematum
585 2799 739 2890 ejusdem
756 2800 982 2896 quorumdam
1012 2802 1207 2892 lugendam.

192 2918 259 2988 Sed
266 2940 492 3013 quaecumque
505 2919 648 2998 luerint,
668 2918 854 2988 ostendunt
868 2940 951 2989 sane
966 2927 1139 2989 auctorem
1156 2919 1215 3011 ip-

189 3057 265 3104 sum
283 3035 427 3108 inomni
455 3034 728 3126 investigationis
757 3055 883 3124 genere
910 3035 986 3105 esse
1014 3042 1207 3113 versatum,
1243 3120 1246 3126 Χ

191 3160 293 3247 atque
314 3153 357 3223 ad
380 3174 501 3223 ornnes
525 3152 698 3223 doctrinas
717 3153 790 3222 suis
817 3152 993 3245 discipulis
1015 3153 1106 3222 viam
1127 3174 1215 3244 ape-

190 3272 314 3342 ruisse.
341 3272 422 3343 Istis
445 3271 538 3341 enim
567 3271 610 3342 de
639 3267 835 3366 fluminibus
855 3268 958 3353 orbis,
984 3271 1059 3342 istis
1082 3271 1211 3342 dentr-

190 3385 284 3459 ln‘nln
307 3386 434 3484 oriqinc
456 3388 751 3482 disquisitionibus
772 3389 1007 3459 Eratosthenis
1040 3388 1214 3478 sagacitati

194 3506 402 3576 uberrimam
430 3505 608 3576 materiam
639 3505 873 3598 comparabat.
908 3506 1065 3576 Veterem
1100 3501 1214 3574 autern

193 3625 383 3694 fabularum
400 3625 597 3694 Graecarum
614 3624 735 3693 silvam
754 3622 999 3718 perscrutando
1018 3679 1026 3706 ,
1049 3645 1213 3713 magnum

192 3763 279 3836 opus
308 3743 508 3824 inchoabat,
541 3741 634 3835 quod
660 3764 742 3812 mox
765 3741 1028 3834 Aristophanes,
1059 3741 1214 3811 Aristar-

205 3993 208 3998 '
235 3994 273 4076 [l]
290 3993 508 4076 Callin1.(Ern.
523 3991 551 4073 l,
568 4011 598 4071 p.
620 3993 686 4054 468.
718 3983 721 3990 ’
