2942 4709
650 233 844 321 „50-

151 409 153 414 ·
235 390 343 460 Nemo
361 389 453 460 enim
470 383 592 472 melius
608 393 706 462 novit
722 392 842 487 quanti
859 392 1025 462 momenti
1042 391 1086 462 sit
1103 393 1158 462 hic
1174 414 1257 486 pro-

233 506 386 600 priorum
398 507 574 577 nominum
586 529 687 587 usus,
706 516 744 578 ut
758 508 903 578 satietati
916 508 1065 578 varietas
1077 517 1248 588 occurrat,

236 631 270 694 et
284 624 428 719 quisque
443 646 565 696 versus
581 624 687 694 veluti
704 625 852 720 quadam
873 625 1036 717 singulari
1050 633 1130 716 nota
1152 625 1258 696 admi-

239 742 362 812 rationi
376 741 646 836 commendetur.
1081 723 1087 729 ’

287 993 345 1062 lll.
366 988 473 1064 -lle
488 1003 603 1065 urctro.
624 1034 670 1045 -
685 994 723 1063 ln
743 1002 869 1075 metm,
888 1016 956 1064 non
971 993 1085 1063 minus
1102 1015 1204 1086 quam
1221 994 1256 1063 in

237 1111 382 1192 ceteris,
417 1110 640 1181 Callimachus
669 1112 831 1182 certiores
853 1113 989 1202 regulas
1011 1111 1205 1192 constituit,
1222 1121 1257 1181 et

238 1230 446 1301 accuratiore
463 1212 631 1321 elegantia
653 1230 789 1301 ‘nobilis
812 1231 887 1301 fuit.
910 1231 992 1320 Ejus
1011 1230 1162 1300 carmina
1177 1238 1254 1300 tan·
1275 1211 1278 1214 ¹

237 1371 342 1444 qnam
357 1349 540 1442 purissima
556 1350 957 1420 Graecaeversilicalionis
966 1351 1176 1442 exemplaria
1183 1372 1260 1443 pro·

238 1467 320 1560 poni
336 1475 493 1560 possunt.
702 1498 703 1502 ¹
1094 1491 1097 1498 ¹

287 1583 407 1654 Artem
423 1589 537 1653 autem
554 1583 721 1677 poeticam
741 1605 785 1653 ex
802 1582 891 1660 facili
912 1568 1083 1654 difficilem
1109 1603 1258 1674 praeser-

240 1702 301 1770 tim
320 1701 455 1772 efficere
472 1709 614 1772 conatus
640 1708 702 1771 est.
722 1702 873 1771 Primum
890 1702 984 1790 enim
998 1702 1112 1772 omnia
1129 1723 1208 1794 quae
1224 1700 1270 1770 in·

240 1818 389 1888 Homero
406 1818 572 1889 mendosa
589 1817 806 1897 videbantur,
828 1817 863 1886 in
881 1818 1001 1887 melius
1024 1817 1181 1887 mutavit.
1203 1817 1259 1886 Bis

181 1923 184 1928 ¹
239 1933 400 2005 cadentes
415 1957 537 2006 uersus
556 1944 590 2005 et
608 1934 838 2006 claudicantes
855 1935 1063 2029 repudiavit,
1084 1936 1143 2030 qui
1165 1935 1278 2022 multi

243 2051 277 2119 in
292 2051 396 2137 lliadfe
415 2059 449 2121 et
465 2052 619 2145 Odyssea
636 2052 868 2145 reperiuntur;
890 2059 927 2121 ut
943 2061 996 2122 est
1011 2052 1066 2123 ille
1087 2078 1095 2138 q

266 2283 269 2290 ⁴
349 2288 516 2363 Ούλομένην,
534 2288 549 2347 ἣ
566 2279 649 2363 μυρί’
667 2277 780 2361 Ᾱχαιοῐς
799 2282 805 2365 Ι
823 2263 1007 2372 ἄλγε’ἓὲθπιεν
1021 2330 1081 2344 .....

243 2504 445 2600 Particulas,
464 2540 543 2612 quae
559 2519 886 2610 feresignilicatione
899 2525 1033 2601 carent,
1051 2536 1123 2614 ἄρα,
1140 2559 1197 2604 τοι,
1211 2534 1260 2600 δή,

142 2682 145 2688 ·
243 2638 360 2708 sinon
381 2636 521 2708 omnino
537 2636 681 2728 rejecitl,
711 2640 832 2709 saltem
851 2653 955 2733 quam
974 2638 1173 2732 parcissime
1196 2636 1262 2708 ad-

242 2753 349 2824 misit.
366 2752 485 2823 Hiatus
502 2753 645 2837 vitavit,
666 2755 820 2848 exceptis
839 2755 928 2836 illis,
951 2752 1265 2849 quos'severissimi

244 2870 347 2941 etiam
358 2868 466 2940 critici
483 2868 686 2960 concedunt,
706 2879 744 2941 ut
762 2880 841 2941 sunt
860 2871 895 2940 in
907 2871 1084 2941 vocabulis
1101 2891 1127 2958 a
1146 2872 1203 2939 vel
1222 2887 1262 2960 ρι’,

182 2970 187 2974 ’
244 2989 299 3057 vel
315 2988 433 3080 paucis
460 2988 536 3058 aliis
554 3009 620 3059 usu
639 2988 980 3081 probatis.‘Syllabas
1010 3010 1072 3082 per
1095 3008 1264 3059 caesuram
1299 3011 1301 3013 ·

113 3150 114 3153 =
162 3191 165 3195 ἢ
243 3104 298 3174 bis
318 3112 376 3174 aut
392 3112 444 3173 ter
459 3102 621 3197 produxit
636 3105 670 3174 in
692 3106 857 3198 HymniS,
878 3106 938 3200 qui
966 3108 1042 3200 plus
1069 3106 1162 3175 mille
1183 3127 1268 3175 ver-

202 3264 204 3268 .
244 3220 340 3292 sibus
357 3220 544 3291 continent.
558 3220 634 3292 Uno
664 3228 779 3291 autem
793 3221 920 3304 verbo,
946 3221 1111 3317 quidquid
1128 3222 1163 3291 in
1184 3241 1268 3290 ver-

246 3338 434 3422 sificatione
476 3338 617 3408 Homeri
654 3337 847 3408 obsoletum
880 3324 938 3408 aut
966 3340 1139 3429 vitiosum,
1165 3345 1261 3416 erat,

246 3465 366 3551 postea
395 3478 416 3526 a
438 3455 684 3541 recentioribus
701 3464 865 3551 tanquam
887 3458 921 3526 in
938 3457 1164 3550 patrocinium
1182 3477 1265 3549 pec-

247 3574 346 3646 candi
365 3573 577 3656 admissum,
594 3574 668 3667 ipse
683 3583 885 3668 aspernatus
902 3582 977 3657 est,
996 3597 1036 3646 ac
1056 3597 1118 3645 suo
1140 3557 1267 3644 ¹enem-

247 3693 304 3787 plo
326 3690 548 3782 rejiciendum
571 3712 649 3761 esse
667 3690 783 3760 docuit
799 3717 807 3772 ;
825 3691 1003 3786 fqnidquid
1024 3701 1139 3764 autem
1157 3690 1263 3771 boni,

249 3808 418 3891 servavit,
436 3816 539 3902 atque
560 3808 596 3877 in
616 3809 728 3898 legem
747 3810 929 3879 convertit.

208 3965 211 3971 =
296 3911 377 3997 Ideo
396 3925 620 4020 praecedcntis
639 3926 751 3996 aetatis
768 3935 946 4019 poetarum
973 3948 1116 4020 pravum
1138 3905 1268 3994 morem
1296 3913 1299 3919 ’
