2942 4709
613 302 658 314 ...
688 260 732 331 27
762 301 808 313 ...

200 418 323 481 cuntur
354 412 565 494 ZenodotuS‚
585 414 890 503 grammaticorum
915 413 1104 485 studiorum
1137 414 1226 485 iuter

198 529 451 601 Alexandrinos
460 532 588 623 primus
603 531 779 622 magister,
794 532 1054 613 etTheocrituS,
1070 531 1222 603 omnium

201 639 303 737 hujus
331 649 448 718 saeculi
470 658 648 741 poetarum
674 650 777 745 facile
794 629 953 743 princeps
972 649 1040 744 (1).
1064 651 1223 721 Attamen

201 765 364 835 attentius
394 766 624 838 consideranti
648 768 783 838 videtur
802 768 950 839 Philetas
975 791 1043 839 nou
1066 769 1221 861 potuisse

201 881 235 949 iu
250 882 368 951 Museo
383 904 543 973 maguum
557 864 735 975 imperium
751 906 926 956 exercere.
936 885 1022 955 Nam
1036 892 1138 954 aetate
1150 885 1222 975 jam

203 1007 386 1091 provectus
410 1008 500 1080 erat,
534 1023 611 1070 cum
634 1002 788 1071 Museum
811 1002 988 1072 fundatum
1011 1010 1080 1082 est;
1098 1002 1223 1096 quippe

102 1098 103 1102 ¹
201 1138 302 1209 quem
330 1117 516 1187 Alexandri
536 1120 656 1209 hlagni
686 1115 898 1213 temporibus
922 1120 1078 1198 floruisse
1103 1135 1225 1191 omues

146 1315 148 1324 X
195 1233 369 1303 dictitent.
394 1235 480 1303 Eum
504 1234 705 1304 Ritschelius
724 1235 806 1304 satis
826 1235 1046 1327 probabiliter
1072 1237 1125 1305 Ol.
1147 1251 1226 1306 cvm
1299 1283 1301 1288 -

202 1353 256 1421 vel
277 1361 462 1422 emortum
493 1360 609 1445 putat;
639 1352 785 1446 ideoque
808 1354 869 1430 vix
894 1354 937 1423 ad
966 1355 1095 1447 primos
1116 1375 1225 1424 annos

202 1468 420 1563 Philadelphi
438 1471 647 1563 principatus
673 1470 803 1569 durare·
824 1470 951 1563 potuit,
976 1493 1044 1565 quo
1070 1473 1225 1564 tempo&

200 1588 333 1686 poetica
350 1589 584 1659 Alexandrina
598 1590 720 1660 florere
737 1590 826 1660 haud
845 1592 951 1682 ferme
967 1591 1140 1684 inceperat
1154 1590 1222 1686 (2).
1273 1623 1275 1625 ’

229 1751 231 1756 -
253 1704 410 1775 Ceterum
429 1706 528 1775 idem
558 1704 728 1777 carminis
744 1727 854 1796 genus
875 1706 1056 1776 illustravit
1076 1708 1225 1777 Philetas

202 1821 293 1916 quod
306 1816 530 1893 Callimachus
551 1850 558 1895 :
579 1824 641 1894 sed
659 1825 729 1893 lere
753 1846 873 1893 omues
889 1824 996 1893 critici
1012 1825 1102 1894 hunc
1120 1847 1228 1917 supe-

203 1938 328 2008 riorem
339 1938 555 2028 judicavere,
576 1939 768 2032 praesertim
785 1939 1037 2021 Quintilianus,
1056 1941 1114 2032 qui
1128 1940 1225 2033 priu—
1321 2029 1322 2032 Ἴ

193 2055 314 2148 cipem
329 2056 416 2126 iuter
428 2059 602 2147 elegorum
618 2055 1021 2127 auctoresCallimachum
1037 2057 1224 2137 existimat,
1350 2071 1351 2074 ’

202 2172 360 2244 videlicet
404 2171 601 2268 opinionem
646 2155 842 2245 Graecorum
878 2184 1028 2246 secutus.
1070 2176 1225 2268 Denique

201 2273 511 2365 Alexandrinorum
531 2296 613 2365 vitia
629 2305 663 2365 et
680 2296 823 2365 virtutes
834 2296 868 2365 in
883 2297 1010 2366 Philota
1026 2318 1095 2365 non
1114 2316 1223 2389 appa-

77 2507 80 2514 *
202 2409 336 2493 rebant,
351 2412 409 2504 qui
425 2433 537 2505 neque
558 2411 678 2482 doctus
694 2412 728 2479 in
748 2412 945 2494 sententiis,
963 2434 1076 2505 neque
1089 2412 1124 2480 in
1143 2431 1226 2479 ver·

204 2525 256 2595 bis
265 2528 457 2620 exquisitus
469 2530 587 2609 fertur,
601 2529 661 2598 sed
677 2529 791 2621 potius
812 2528 920 2622 (quod
938 2551 983 2597 ex
1000 2528 1117 2621 paucis
1131 2528 1229 2617 frag-

202 2644 327 2714 mentis
353 2655 411 2715 aut
443 2668 487 2715 ex
516 2655 673 2747 veterum
701 2641 906 2715 testimoniis
933 2645 1102 2735 conjicere
1127 2643 1227 2735 licet)

100 2847 104 2854 ‚
203 2759 420 2853 simplicitate
440 2762 589 2855 quadam
602 2784 639 2832 se
655 2761 928 2832 commendarit.
940 2762 1030 2831 Nam
1046 2783 1228 2851 gramma-

79 2962 80 2965 *
206 2879 262 2948 tici
299 2902 474 2974 nunquam
504 2875 549 2954 err
575 2903 616 2951 eo
645 2903 735 2965 nova
759 2881 925 2951 vocabula
955 2890 1013 2949 aut
1044 2879 1226 2949 arcessitae

205 2994 364 3070 dictionis
390 2999 577 3088 elegantias
595 2985 764 3079 referunt,
788 3000 912 3068 multas
933 3006 1048 3068 autem
1071 3019 1117 3066 ex
1133 2996 1230 3066 Calli-

205 3113 340 3183 macho.
361 3114 584 3185 Callimachus
606 3116 697 3185 enim
715 3137 796 3185 vere
823 3126 875 3185 est
896 3115 1169 3194 Alexandrinum
1195 3122 1229 3182 et

205 3254 326 3302 omnes
356 3243 466 3315 uotae,
511 3235 635 3328 quibus
680 3235 857 3325 signantur
893 3235 995 3324 hujus
1035 3234 1146 3304 aetatis
1184 3255 1225 3303 ac

205 3352 354 3441 regionis
373 3354 528 3443 ingenia,
548 3346 582 3422 iu
602 3376 645 3423 eo
672 3361 706 3423 et
736 3355 771 3423 in
797 3354 939 3448 scriptis.
953 3355 1028 3443 ejus
1047 3354 1169 3422 mirum
1192 3353 1227 3421 in

205 3472 345 3542 modum
363 3494 540 3566 expressae
556 3474 728 3544 videntur.
752 3475 821 3545 Nec
849 3476 978 3555 solum,
1006 3473 1088 3543 dum
1117 3472 1225 3554 vixit,
1250 3568 1252 3572 Ι

248 3780 286 3864 (l)
305 3783 401 3863 Bach,
421 3784 540 3845 Philctoe
555 3785 608 3845 Coi
620 3784 774 3865 reliquiae,
794 3804 823 3864 p.
841 3787 870 3844 6.

249 3880 287 3962 (9)
306 3882 440 3961 Bitschl,
459 3902 489 3962 p.
509 3884 557 3944 8l.
589 3917 630 3974 7-
652 3882 802 3945 Philetam
817 3883 1018 3944 vetustiorem
1034 3883 1127 3944 etiam
1143 3867 1228 3942 arbiss

210 3989 311 4043 tratur
325 3983 455 4046 Baebius
472 3981 507 4064 (t.
527 4003 566 4062 c,
586 4003 615 4063 p.
633 3980 696 4063 ld).
