2942 4709
613 205 873 330 *ao-2¹

199 411 456 514 eruditissimis,
493 412 550 506 qui
582 413 821 485 Callimachum
865 413 1076 483 contendunt
1110 413 1218 508 (solis

205 534 403 604 insistentes
429 533 543 603 Suidae
560 532 697 626 verbis)
718 535 753 603 in
776 534 895 636 primis
919 532 1021 604 annis.
1041 534 1222 623 Euergetae

201 653 410 748 principatus
446 651 631 724 admodum
674 676 793 724 senem
828 662 999 724 mortuum
1033 674 1109 722 esse
1144 652 1217 746 (l);

203 792 349 864 eumque
372 769 426 852 Ol.
454 778 612 839 curvant
641 790 703 840 cxv
733 771 854 864 (annis
870 771 917 859 A.
946 769 983 839 C.
1009 788 1142 839 cccxxiv
1167 772 1221 839 vel

202 887 321 979 cccxx)
344 894 462 957 natum
493 885 699 972 arbitrantur
717 885 785 981 (θ).
806 887 886 956 Mihi
915 908 998 955 vero
1028 894 1124 956 ortus
1148 887 1222 977 ejus

202 1029 271 1076 non
297 1008 386 1077 ultra
409 1028 537 1077 annum
564 1006 607 1076 A.
635 1006 671 1076 C.
706 1026 760 1077 ccc
792 1007 1045 1076 retrolerendus
1069 1006 1217 1077 videtur.

110 1104 111 1107 Ἴ
201 1125 304 1206 Nam,
322 1147 401 1194 cum
418 1125 604 1214 Evergetes
622 1145 767 1213 regnare
786 1123 950 1217 inceperit
966 1144 1056 1195 auno
1078 1142 1219 1204 ccxnvu,

203 1266 272 1315 non
306 1244 496 1314 verisimile
524 1251 576 1313 est
608 1254 687 1312 tunc
720 1251 856 1334 poetam
891 1242 1075 1313 admodum
1104 1264 1222 1312 senem

205 1360 327 1441 luisse,
345 1361 443 1450 cujus
459 1368 527 1429 tam
545 1358 642 1428 virile
656 1342 767 1428 adhuc
787 1358 960 1448 ingenium
977 1358 1121 1448 vigeret.

252 1577 392 1647 Iuvenis
427 1583 541 1645 autem
568 1575 794 1646 Callimachus
827 1560 1070 1646 Alexandriam
1104 1574 1218 1656 venit,

205 1693 303 1783 cujus
319 1693 353 1761 in
371 1691 567 1762 suburbano
593 1692 744 1786 quodam
770 1692 865 1774 vico,
892 1691 1030 1761 nomine
1055 1691 1224 1761 Eleusinis

207 1812 403 1903 designato,
429 1812 685 1904 grammaticam
717 1811 845 1881 docuit.
877 1811 978 1880 Fama
997 1818 1110 1880 autom
1142 1814 1224 1881 novi

208 1929 411 2022 professoris
436 1928 532 1998 hrevi
553 1929 777 2021 pervulgata,
805 1926 1045 2021 Philadelphus
1063 1935 1127 1997 rex
1143 1950 1221 1997 eum

208 2052 241 2117 in
258 2050 414 2119 Museum
433 2048 596 2129 adscivit,
622 2047 680 2117 ubi
703 2048 833 2117 litteras
850 2046 986 2116 videtur
1003 2047 1126 2116 docere
1140 2069 1224 2139 per-

206 2166 350 2236 rexisse.
387 2165 570 2235 Auditores
604 2175 718 2234 autem
755 2164 875 2238 hahuit
911 2185 1032 2233 omnes
1062 2164 1095 2231 in
1130 2165 1224 2232 omni
1333 2155 1341 2168 ⁴

207 2304 332 2373 genere
359 2283 510 2352 maxime
535 2283 794 2375 praecellentes,
816 2289 953 2375 poetam
983 2279 1220 2374 Apollonium,

211 2403 474 2495 Aristophanem
512 2404 711 2495 Byzantium
754 2400 1044 2491 grammaticum,
1085 2400 1226 2469 Eratos-

207 2522 344 2590 thenem
375 2519 597 2613 Cyrenaeum‚
646 2527 696 2589 tot
740 2518 973 2588 doctrinarum
1007 2516 1221 2598 antistitem,

209 2638 356 2732 denique
374 2640 500 2709 multos
522 2639 607 2709 alios
622 2633 768 2730 quorum
794 2636 932 2706 nomina
953 2634 1066 2703 minus
1083 2634 1225 2704 illustria
1311 2677 1312 2680 =

210 2763 302 2824 sunt.
369 2769 370 2773 ’

185 2885 191 2894 ’
256 2873 321 2948 Tot
347 2880 485 2965 tamque
517 2869 704 2961 insignium
737 2869 887 2937 virorum
920 2887 1045 2935 corona
1074 2866 1224 2948 cinctae,

209 2981 410 3061 corumdem
429 2988 602 3077 magister,
627 2984 867 3056 dominabatur
889 2983 922 3051 in
940 2984 1060 3051 hluseo
1075 2982 1229 3052 Callima·

213 3107 310 3176 chus.
326 3108 372 3177 At
388 3128 454 3175 non
470 3104 607 3195 ingenio
624 3112 755 3174 tantum
769 3101 978 3194 scientiaque
997 3089 1225 3192 praevalehat;
1340 3098 1342 3101 ⁴

215 3223 274 3293 sed
292 3222 498 3300 etiamtacili
516 3221 723 3292 commercio
741 3226 775 3289 et
794 3218 904 3311 lepida
920 3218 1067 3311 quadam
1087 3216 1232 3286 urbani-

214 3350 283 3412 tate
298 3340 570 3433 acceptissimum
590 3338 768 3432 imperium
786 3358 884 3406 suum
900 3334 1079 3406 efficiebat.
1100 3335 1232 3404 Docto-

215 3482 291 3542 rum
306 3458 397 3528 enim
409 3458 566 3528 convivia
579 3451 764 3535 hilarahan
784 3461 821 3522 ut
837 3476 881 3523 ex
895 3453 1067 3547 epitaphio
1083 3451 1140 3521 illo
1157 3470 1232 3543 per-

101 3679 104 3684 ,
215 3579 282 3671 cipi
300 3587 439 3671 potest:

261 3855 298 3940 (l)
313 3835 488 3938 Weichert,
507 3876 538 3936 p.
554 3857 604 3918 22.
620 3888 661 3903 -
673 3857 795 3934 Mattcr,
811 3861 832 3915 t.
849 3804 879 3933 p,
902 3873 933 3932 p.
955 3851 1022 3912 tal.

259 3956 444 4038 (hillitschl²
463 3970 493 4035 p.
514 3955 562 4015 8l.
