2942 4709
673 233 867 306 ..pax

254 385 328 459 luit.
351 387 485 457 Etenim
501 387 715 458 Theocritum
733 395 768 456 in
789 386 926 477 Eclogis
942 392 1107 479 perpetuo
1122 386 1273 456 imitatus

256 515 328 586 est;
350 506 385 574 in
399 505 572 594 Georgicis
590 506 697 575 multa
724 504 767 574 ab
793 505 922 582 Arato:
952 502 988 573 in
1012 499 1156 572 AEneide
1179 503 1272 596 ipsa,

255 622 415 716 quamvis·
441 623 626 691 Homerum
661 628 740 691 ante
771 622 888 691 oculos
905 618 1065 701 haberet,
1096 621 1202 690 multa
1234 619 1275 690 ab

257 741 436 836 Apollonio
457 749 630 811 mutuatus
646 748 710 811 est.

307 857 407 950 Apud
448 857 626 927 Horatium
676 856 789 949 minus
827 855 1037 926 auctoritatis
1084 855 1276 926 habuerunt

244 974 508 1058 ,Alexandriam
528 975 653 1068 quippe
682 975 747 1045 illis
766 974 906 1046 omnino
923 973 1032 1044 aliena
1053 983 1132 1043 sunt
1150 995 1276 1064 genera

260 1112 339 1184 quaa
371 1089 542 1188 tractavit.
565 1088 745 1169 Attamen,
777 1090 805 1160 si
831 1111 910 1159 eum
936 1095 1064 1159 attente
1084 1088 1280 1181 perpendass

261 1228 368 1289 muS,
401 1206 525 1276 multas
558 1205 656 1276 dotes
686 1207 920 1286 inveniemus
956 1225 1042 1299 quas
1076 1205 1112 1273 in
1148 1205 1281 1275 illorum

260 1323 465 1393 commercio
483 1322 548 1393 sibi
564 1324 818 1416 comparavisse
843 1345 911 1392 non
938 1323 1108 1395 immerito
1137 1322 1282 1412 judicari

265 1439 387 1532 possit.
424 1440 544 1509 Nonne
577 1440 667 1508 enim
699 1440 755 1510 hic
787 1439 882 1510 labor
914 1438 949 1506 in
981 1438 1166 1529 seligendis
1196 1459 1281 1508 ver-

260 1556 314 1625 bis
349 1556 646 1627 constantissimus
666 1613 678 1640 „
709 1558 785 1627 baec
815 1565 980 1650 perpetua
1012 1555 1149 1649 proprie
1183 1578 1283 1626 com-

262 1673 377 1743 munia
408 1673 541 1743 dicendi
572 1696 681 1754 cura,
717 1675 868 1769 deniquev
895 1671 1027 1745 curioso
1060 1674 1117 1743 illa
1143 1670 1283 1771 felicitas

260 1792 359 1862 toties
399 1777 597 1874 celebrata,
622 1792 873 1873 Alexandrinae
908 1793 971 1862 arti
1000 1799 1145 1881 cognata
1179 1793 1285 1861 sunt‘i

262 1908 383 1978 Nonne
416 1908 451 1975 in
486 1908 690 1979 Callimacho
726 1910 797 1979 fere
835 1908 957 1979 eadem
990 1907 1145 1978 ‚artificia
1186 1915 1285 1977 nota-

264 2024 402 2094 vimus‘l
696 2019 698 2024 ’
1039 2085 1041 2089 .

296 2231 297 2234 Ἴ
313 2141 416 2210 Juxta
436 2140 613 2230 Virgilium
639 2147 672 2209 et
690 2141 846 2211 Flaccum
869 2141 1057 2212 lloruerunt
1075 2163 1117 2211 eo
1134 2148 1288 2236 tempore

264 2260 438 2347 elegorum
472 2257 670 2350 scriptores.
702 2257 769 2327 Sed
789 2267 1050 2353 supervacuum
1085 2265 1137 2328 est
1166 2279 1285 2328 eorum

180 2452 182 2456 ,
265 2397 342 2445 cum
377 2374 617 2445 Alexandrinis
641 2374 841 2445 affinitatem
870 2376 1070 2456 ostendere,
1108 2398 1186 2445 cum
1219 2375 1289 2444 duo

258 2516 311 2563 ex
349 2492 457 2563 tribus
495 2493 577 2574 illis,
610 2493 753 2563 Ovidius
786 2514 826 2563 ac
862 2494 1084 2587 Propertius,
1119 2515 1157 2564 se
1194 2492 1292 2586 ipsos

266 2610 459 2681 Callimachi
491 2611 675 2703 discipulos
704 2633 781 2688 esse
815 2612 1005 2693 fateantur,
1041 2612 1185 2704 ejusque
1213 2632 1291 2680 car-

266 2730 359 2800 mina
390 2729 664 2823 frequentissime
699 2730 767 2799 sint
798 2729 918 2799 imitati
949 2712 1016 2823 (1').
1048 2729 1190 2799 Ovidius
1220 2752 1292 2800 au-

266 2860 336 2919 tem
359 2850 409 2938 in
442 2849 565 2919 ceteris
594 2841 756 2942 operibus
792 2871 862 2920 non
880 2850 1006 2919 minus
1040 2848 1286 2919 Alexandrinis

268 2968 489 3062 scriptoribus
532 2968 674 3050 debuit,
714 2967 841 3062 quippe
877 2968 936 3063 qui
971 2965 1292 3060 Metamorphoseon

268 3097 506 3181 argumentum
533 3090 605 3179 Jam
623 3090 658 3159 in
672 3089 842 3159 Nicandro
864 3096 898 3158 et
913 3088 1094 3166 Parthenio
1112 3096 1292 3159 tractatum
1318 3169 1321 3174 ,

270 3207 454 3277 invenerit.
1076 3212 1105 3226 ”

262 3397 264 3402 s
320 3325 431 3393 Liceat
447 3322 550 3413 ig‘itur
567 3322 679 3393 dicere
694 3293 911 3394 Ptolemaicae
928 3322 1039 3393 aetatis
1058 3321 1293 3395 doctastudia

271 3442 389 3513 Latino
417 3442 586 3534 Parnasso
621 3441 805 3534 plurimum
833 3439 1032 3510 contulisse.
1062 3439 1152 3522 Quid
1179 3447 1293 3511 autem

202 3752 205 3760 ·
314 3722 565 3820 (llPraete'rlbin,
581 3732 680 3785 totum
696 3726 791 3787 etiam
808 3726 845 3787 de
859 3725 1085 3787 Erisichthonis
1097 3728 1177 3787 fame
1190 3727 1290 3786 locum

274 3823 417 3905 (Metam
437 3826 509 3904 Vll,
538 3822 613 3904 738)
638 3832 797 3886 mutuatus
823 3836 870 3886 est
896 3825 1027 3887 Ovidius
1060 3844 1078 3886 a
1104 3823 1291 3887 Callimacho

189 3991 191 3996 Α
275 3922 381 4003 (Hpm.
397 3923 438 3985 ud
452 3924 519 3985 Cer.
527 3970 537 4001 ,
547 3923 585 3984 bd
595 3921 613 4003 l.
