2942 4709
657 237 850 309 ΛΔ..

247 417 327 490 quae
346 394 522 486 ingenium
541 401 696 464 nontam
715 392 798 464 aluit
814 413 917 486 quarn
936 391 1106 466 interdum
1127 373 1260 470 obruit;

132 591 134 600 ¹
246 535 326 585 nam
345 535 385 583 ea
411 512 523 583 studia
535 510 786 603 intempestive
805 516 978 581 ostentare
1002 509 1037 577 iu
1053 508 1262 579 carminibus

246 632 425 703 voluerunt
453 630 748 720 :grammaticam
769 629 875 699 Musis
902 638 1063 722 tanquam
1093 627 1267 700 decimam

73 837 77 845 ⁴
151 831 153 836 .
247 757 399 820 sororem
416 748 618 838 adjunxere.
1200 734 1213 747 '

295 865 402 935 lidem
442 886 579 959 quoque
626 859 822 933 inveniendi
865 864 1023 932 facultate
1060 862 1260 956 plerumque

239 985 444 1062 caruerunt,
474 1001 516 1050 eo
540 980 710 1061 contenti,
739 980 768 1048 si
798 980 950 1072 priorum
980 984 1130 1074 aetatum
1144 986 1262 1071 poetas

244 1097 385 1172 feliciter
406 1098 631 1168 imitarentur.
662 1096 878 1167 Consuetudo
900 1097 991 1166 enim
1016 1095 1161 1167 aliorum
1181 1118 1261 1165 car-

223 1197 337 1286 mina
362 1213 616 1290 commentandi
646 1213 689 1283 ad
713 1212 853 1283 easdem
878 1214 1039 1284 materias
1067 1213 1259 1283 tractandas
1295 1231 1297 1235 “

242 1333 450 1428 impellebat.
471 1334 524 1404 Ad
539 1334 605 1404 hoc
622 1333 826 1436 accedebat,
849 1334 949 1404 sicuti
967 1342 1067 1404 antea
1087 1334 1255 1413 diximus,

145 1433 146 1436 Ἴ
245 1452 338 1548 quod
357 1452 478 1522 omnia
504 1459 700 1545 poematum
732 1472 858 1541 genera
882 1452 1087 1544 jampridem
1127 1459 1260 1544 reperta

246 1577 357 1640 erant.
382 1568 537 1661 Namque
562 1568 597 1639 id
615 1570 726 1638 solum
755 1591 883 1638 novum
918 1568 1139 1650 invenimuS,
1167 1567 1261 1662 quod
1306 1603 1348 1682 ς

242 1684 440 1756 Theocritus
452 1686 652 1766 illustravit,
667 1688 787 1756 Museo
800 1686 872 1777 ipse
887 1685 1031 1755 alienus.
1049 1686 1083 1755 Si
1102 1686 1161 1778 qui
1178 1707 1261 1754 uero

243 1804 300 1874 alii
316 1789 516 1894 argumenta
536 1805 659 1895 intacta
677 1804 846 1897 quaesisse
862 1803 1033 1883 videntur,
1055 1826 1094 1872 ea
1116 1825 1161 1872 ex
1178 1802 1261 1871 sub-

244 1920 360 1990 tilibus
380 1921 544 1992 doctrinis
566 1931 633 1992 aut,
654 1921 756 1991 etiam
785 1943 804 1990 e
830 1920 1149 1999 matbematicorum
1178 1941 1262 2012 pro-

243 2040 354 2109 vincia
370 2041 512 2134 petiere.
1109 2047 1110 2054 ’

294 2151 419 2225 Verum
443 2156 635 2238 enimvero,
656 2166 694 2226 ut
707 2154 800 2227 vitiis
814 2156 932 2226 multis
948 2136 1107 2237 iabuoxii‚
1130 2156 1177 2224 ita
1193 2175 1263 2223 non

173 2352 175 2358 ¹
246 2274 320 2343 sine
348 2273 473 2344 virtute
507 2276 615 2367 lllusei
642 2282 754 2367 poetae
786 2276 935 2344 fuerunt·
970 2274 1063 2342 Inest
1095 2274 1186 2342 enim
1220 2272 1261 2341 iis

246 2392 357 2485 primo
383 2414 493 2482 genus
524 2392 656 2463 dicendi
687 2394 858 2487 exquisite
891 2399 1048 2463 ornatum
1061 2399 1076 2473 ,'
1103 2390 1260 2481 castigati

246 2510 397 2590 numeri,
423 2510 539 2606 oratio
567 2517 674 2591 tersa,
709 2509 832 2590 nitida,
866 2511 1022 2599 elegans,
1051 2508 1163 2578 itaut
1195 2507 1262 2578 stili

248 2628 430 2717 magistros
461 2629 534 2700 ‚vix
577 2629 664 2699 inter
703 2630 842 2699 Graecos
889 2628 1050 2698 meliores
1093 2627 1258 2720 reperias.
1309 2689 1311 2692 .

253 2745 383 2815 Deinde
398 2768 560 2837 magnum
578 2755 612 2817 et
629 2747 764 2818 difficile
778 2768 864 2840 opus
881 2747 1036 2837 aggressi
1052 2754 1149 2829 sunt,
1169 2746 1267 2839 quod
1346 2827 1348 2830 ,
1415 2795 1420 2804 =

245 2863 384 2957 quidem
411 2864 541 2946 hercle,
571 2866 635 2935 etsi
662 2888 731 2936 non
755 2866 895 2937 omnino
924 2865 1116 2958 perfecere,
1141 2867 1264 2960 saltem
1454 2873 1455 2880 ’

244 2983 431 3053 tentavisse
458 2982 625 3053 laudabile
654 2977 732 3053 esse
760 2983 844 3052 mihi
865 2982 1013 3053 videtur.
1040 2981 1195 3063 Etenim,
1219 2982 1264 3053 ad

246 3098 311 3167 buc
340 3105 476 3192 tempus
494 3100 627 3192 poetica
656 3101 774 3170 Graeca
802 3098 860 3193 (de
886 3100 983 3193 epioo
1007 3099 1197 3192 praesertim
1230 3106 1264 3169 et

247 3214 397 3305 elegiaco
419 3239 545 3306 genere
568 3219 701 3311 loquor,
731 3238 811 3311 quae
836 3217 993 3288 tractavit
1023 3224 1141 3287 noster
1154 3217 1264 3287 'Calli-

245 3335 409 3430 machus)
425 3338 535 3408 nullas
567 3339 662 3427 leges
689 3345 799 3408 certas
828 3337 1054 3432 definitasque
1080 3336 1260 3407 habuerat.

247 3454 494 3526 Excellentium
526 3455 676 3526 virorum
705 3456 863 3548 exempla
900 3462 1150 3553 praeceptorum
1193 3456 1265 3525 vim

243 3570 466 3662 praestabant.
486 3572 623 3665 Alioqui
645 3594 815 3666 nusquam
839 3572 960 3643 eadem
982 3572 1110 3662 linguae
1130 3573 1260 3653 sonna,

244 3708 413 3781 nusquam
450 3688 540 3759 idem
556 3688 740 3779 judicium,
763 3710 831 3759 non
863 3689 907 3759 ad
936 3700 1155 3760 communem
1181 3711 1264 3759 nor-

244 3827 353 3887 mam,
399 3806 460 3876 sed
510 3809 580 3877 lere
624 3807 668 3877 ad
709 3807 885 3902 proprium
929 3807 1106 3877 arbitrium
1150 3815 1264 3900 poetae

245 3922 424 3994 canebant.
454 3924 618 3995 Homines
650 3932 764 3998 autem
798 3925 1013 4002 ptolemaicae
1045 3925 1156 3995 aetatis
1184 3924 1266 3994 mihi
