2942 4709
514 244 524 256 ²
629 225 919 352 '4322

163 493 164 496 Ἴ
254 412 414 491 mach'uS,
443 411 706 494 Eratosthene8‚
739 411 961 505 Apollonius
1000 409 1269 502 Aristophanes,

201 571 203 578 ι
255 526 489 615 Aristarchus
524 526 648 616 singuli
674 549 747 597 suae
769 528 887 617 aetatis
915 525 1140 597 celeberrimi.
1170 524 1275 594 Calli-

232 687 235 692 ·
255 646 395 715 machus
410 666 492 714 vero
505 643 549 713 ad
560 666 600 713 ea
615 666 756 720 munera
769 644 963 736 exercenda
979 653 1052 713 tum
1068 641 1268 733 eligebatur,

254 786 332 832 oum
362 744 492 852 'genera
524 762 637 832 omnia
672 763 858 832 litterarum
891 762 1043 831 maxime
1079 745 1273 829 in'llluseo

151 945 155 949 ,
209 925 213 932 ·
255 879 435 949 llorehant.
467 878 545 970 lpse
575 887 688 948 antem
723 880 927 950 monstravit
956 901 1025 947 non
1057 885 1190 947 tantum
1213 898 1275 969 per
1310 919 1312 922 -

256 999 408 1067 favorem
466 996 677 1092 provinciam
730 1006 799 1065 tam
852 996 1024 1065 difficilem
1073 994 1271 1086 accepisse;

255 1119 415 1205 namque
437 1112 471 1182 in
497 1097 765 1182 administranda
796 1112 1004 1182 Bibliotheca
1039 1111 1115 1204 plus
1151 1101 1274 1180 fecisse

257 1235 363 1303 fertur
378 1254 480 1326 quam
496 1211 680 1327 'qnisquam
698 1222 804 1313 elius,
825 1233 951 1326 qnippe
968 1232 1027 1325 qui
1041 1231 1146 1301 millia
1164 1252 1278 1320 nonaf
1321 1303 1323 1307 ,

255 1350 350 1438 ginta
379 1350 593 1418 voluminum
616 1349 650 1417 in
680 1327 835 1422 ordinem
862 1341 1049 1438 redegerit,
1074 1356 1109 1418 et
1132 1330 1275 1436 singulis

256 1466 372 1535 titulos
391 1466 605 1559 inscripserit
624 1463 692 1560 (l)
1230 1479 1231 1482 ’
1335 1549 1339 1554 ‚

229 1610 231 1615 ·
303 1584 377 1653 lam
399 1606 510 1665 ¹vero,
547 1585 575 1653 si
608 1582 683 1653 non
707 1585 814 1654 vitam
833 1583 1052 1665 Callimachi,
1084 1581 1146 1652 sed
1173 1602 1277 1675 opera

255 1699 533 1781 consideremus,
551 1721 591 1768 ea
611 1700 684 1789 ejus
705 1700 794 1770 inter
813 1710 944 1793 ceteros
966 1699 1076 1769 llusei
1095 1697 1278 1790 scriptores

255 1816 458 1888 excellentia
472 1809 686 1906 manifestior
705 1816 807 1887 etiam
821 1816 1010 1909 apparebit.
1112 1859 1114 1866 ι

560 2017 609 2141 Dc
623 2067 751 2167 scriptis
767 2066 974 2142 Callimachi.

239 2355 242 2360 .
308 2303 374 2386 Qui
392 2297 939 2397 in'Museo.volebatljpraestare,
965 2303 1111 2374 debehat
1143 2317 1280 2374 omnem

257 2421 445 2490 litterarum
482 2421 650 2497 rationem
695 2423 880 2515 omniaque
924 2422 1115 2492 studiorum
1153 2444 1280 2512 genera

257 2541 429 2633 amplecti.
474 2541 598 2611 Noster
642 2551 757 2612 antem
797 2539 960 2612 universa
1004 2542 1061 2612 illa
1101 2541 1280 2635 disciplina

258 2658 320 2727 luit
336 2657 539 2739 instinctus,
562 2680 673 2752 neque
697 2660 765 2729 ulle
780 2659 815 2728 in
837 2681 875 2728 re
892 2680 971 2753 quae
988 2682 1008 2730 a
1027 2659 1136 2729 doctis
1155 2666 1280 2728 tracta-

258 2783 352 2867 retur
367 2776 483 2846 rudis.»
496 2777 647 2868 Excepta
667 2776 757 2850 euim
780 2777 1013 2869 philosophia,
1047 2799 1126 2870 quae
1147 2784 1219 2845 tum
1237 2774 1281 2845 ab

259 2890 418 2961 omnibus
426 2891 667 2962 Alexandrinis
678 2892 927 2982 negligebatur,
943 2877 1033 2962 nulla
1047 2905 1099 2963 est
1110 2892 1277 2972 doctrina,

260 3009 353 3078 nulla
368 3017 420 3085 est
435 3008 508 3078 sive
524 3011 733 3093 carminum,
751 3011 824 3080 sive
842 3015 956 3103 prusae
968 3012 1132 3082 orationis
1150 3012 1277 3092 forma,

260 3151 362 3222 quam
384 3135 454 3198 non
482 3108 643 3219 attigerit.
663 3132 759 3200 Eum
781 3130 902 3201 Suidas
926 3132 1012 3203 adeo
1037 3132 1280 3222 inlatigahilem

164 3242 166 3246 ’
259 3245 413 3339 adeoque
435 3246 642 3318 laboriosum
670 3249 776 3318 luisse
794 3258 980 3331 memorat,
1004 3258 1041 3318 nt
1072 3253 1148 3343 plus
1176 3247 1281 3344 quam

243 3429 247 3436 ,
260 3364 467 3455 octingintos
478 3364 582 3435 libros
590 3366 797 3460 relinqueret
808 3392 815 3435 :
826 3390 928 3462 quem
944 3389 1123 3437 numerum
1137 3383 1193 3437 me
1203 3368 1284 3437 her-

259 3483 334 3554 cule
351 3483 596 3577 amplificatum
609 3486 686 3575 jure
709 3487 886 3569 credereS,
911 3461 978 3556 nisi
1001 3494 1050 3556 tot
1079 3486 1283 3557 testimoniis

259 3602 580 3690 grammaticorum,
598 3602 688 3695 apud
704 3604 1024 3698 quosreperiuntur
1036 3626 1135 3697 paene
1154 3583 1284 3674 infinita

260 3717 361 3808 hujus
377 3720 526 3790 auctoris
545 3742 687 3813 operum
704 3720 863 3802 nomina,
886 3720 1079 3792 confirmari
1095 3721 1281 3792 videretur.

213 3987 216 3992 ,
303 3942 420 4030 (ovio.
438 3911 555 4030 sotor,
573 3954 656 4032 apua
668 3953 805 4035 nosen,
824 3952 875 4013 uc.
891 3952 940 4014 cu.
