2942 4709
643 279 834 349 ..87-

330 592 386 652 Est
399 591 450 652 hie
464 591 588 653 Hesiodi
601 594 711 673 stilus,
730 594 798 653 haee
808 579 884 653 'sunt
896 590 1011 669 verba-3
1029 595 1150 670 poetam

390 691 457 752 Non
475 710 623 772 pravum,
643 693 698 754 sed
713 710 775 771 quo
791 693 912 771 nullus,
929 690 1040 771 Arate,
1056 690 1153 770 magis
1204 683 1206 688 ’

329 790 512 872 mellifluus,
530 794 680 871 sequeris,
698 793 807 869 Salve,
826 792 940 854 subtile
952 807 1074 870 poema,

392 887 486 952 Docta
501 891 662 973 limatum,
680 899 771 953 noete
785 892 915 972 dieque,
936 908 1030 952 manu
1043 888 1098 971 (ln

277 1164 377 1247 Quod
398 1168 645 1240 testimonium
676 1190 770 1261 saepe
799 1176 935 1238 veteres
967 1166 1241 1238 confirmavere:

226 1299 376 1374 namque
394 1282 518 1354 Aratus
538 1285 583 1355 ob
608 1292 805 1356 accuratum
821 1282 956 1354 dicendi
975 1306 1085 1374 genus
1110 1282 1246 1375 semper

225 1399 390 1492 probatus
425 1411 495 1484 est;
530 1426 570 1475 ee
602 1405 710 1480 Latini
742 1397 855 1497 poetae
889 1412 941 1474 ter
972 1426 1051 1474 eum
1080 1404 1115 1476 in
1147 1424 1244 1473 suam

225 1518 378 1608 linguam
398 1528 587 1592 verterunt.
607 1522 714 1593 Valde
731 1522 824 1592 enim
842 1521 1033 1593 delectabat
1053 1529 1188 1591 veteres
1205 1542 1247 1591 ea

225 1636 258 1705 in
280 1637 463 1728 seligendis
483 1641 799 1735 componendisque
824 1640 939 1710 verbis
969 1639 1246 1710 constantissima

223 1752 416 1842 elegantia,
445 1755 537 1850 iique
563 1778 686 1827 versus
711 1757 839 1850 compti
868 1765 902 1826 et
926 1756 970 1826 ad
991 1777 1142 1846 unguem
1166 1778 1246 1848 per·

222 1868 315 1939 fecti.
340 1871 420 1940 lstae
453 1881 567 1944 autem
585 1874 729 1943 virtutes
750 1881 886 1944 nostras
916 1893 1016 1942 aures
1043 1874 1245 1965 plerumque
1278 1961 1282 1967 .

224 1984 357 2055 fallunt.

202 2155 205 2160 ⁴
279 2119 449 2190 Nicander
459 2118 702 2218 didasoalioum
713 2142 823 2212 genus
832 2120 1031 2201 illustravit,
1047 2127 1085 2190 ut
1097 2119 1241 2201 Aratus

223 2237 321 2328 eujus
351 2237 501 2308 imitator
524 2260 601 2309 esse
622 2237 770 2309 videtur.
790 2233 857 2308 Sed
873 2238 1050 2309 subtiliora
1065 2237 1166 2308 etiam
1188 2259 1245 2307 ar-

224 2360 387 2442 gumenta
402 2354 602 2450 plerumque
627 2356 800 2435 tractavit,
826 2362 860 2424 et
881 2354 1034 2424 seiontiae
1063 2353 1241 2424 viciniora.

222 2469 327 2549 Nam,
348 2461 475 2561 praeter
493 2470 568 2559 ejus
591 2451 747 2541 malaca
777 2477 811 2540 et
840 2466 1128 2566 Aleaiplrorntuco,
1164 2489 1244 2562 quae
1348 2473 1351 2478 ⁴

222 2585 409 2669 habemus,
429 2587 639 2658 aridissimus
656 2588 810 2658 omnium
827 2587 1007 2669 materias,
1030 2608 1187 2667 carmen,
1207 2594 1244 2655 ut

224 2703 268 2772 de
284 2703 411 2773 ueteris
426 2711 584 2786 taceam,
607 2706 732 2775 feneret
752 2705 796 2774 de
815 2700 949 2788 Glosst'a,
978 2727 998 2775 a
1022 2703 1243 2794 grammatica

222 2843 292 2924 non
306 2822 378 2911 jam
391 2821 532 2892 artificia
547 2823 711 2893 orationis
727 2878 734 2905 ,
754 2822 815 2915 sed
831 2821 944 2915 ipsum
958 2829 1196 2911 argumentum
1209 2832 1243 2890 et

224 2960 392 3009 summam
407 2939 522 3032 operis
539 2948 727 3010 mutuatus.
745 2941 863 3034 ltaque
879 2940 914 3008 in
928 2961 970 3009 eo
984 2937 1242 3029 jejuniosiorem
1345 2989 1351 2996 .

225 3056 327 3127 etiam
350 3079 453 3151 quam
484 3058 519 3130 in
545 3057 678 3127 Solensi
693 3066 773 3128 vate
791 3056 959 3150 poeticam
977 3051 1057 3126 vim'
1070 3056 1239 3126 invenias.

164 3213 170 3222 ·
224 3173 292 3242 Sed
309 3174 467 3244 eamdem
482 3173 697 3244 versificandi
715 3174 920 3246 industriam
938 3172 1101 3255 adhibet,
1122 3160 1243 3242 iisdem

168 3335 170 3342 <
224 3293 292 3363 stili
309 3294 460 3364 artificiis
476 3295 580 3365 utitur
601 3319 608 3364 :
627 3294 766 3387 spiritus
785 3294 817 3365 ei
832 3296 1032 3388 plerumque
1048 3293 1185 3375 delicit,
1208 3300 1243 3362 at
1263 3295 1265 3304 '

152 3443 154 3450 s
223 3434 399 3506 nunquam
417 3411 513 3482 labor
529 3419 563 3481 et
591 3434 673 3483 cura
690 3412 865 3483 deliciunt.
886 3412 1042 3482 Studium
1061 3432 1144 3480 vero
1160 3407 1243 3498 illud

222 3538 379 3600 accurate
408 3529 542 3600 dicendi
573 3552 614 3601 eo
644 3523 754 3621 magis
781 3529 986 3622 notandum,
1018 3550 1086 3621 quo
1102 3527 1243 3597 materia

223 3646 336 3718 minus
353 3669 492 3719 versum
520 3648 674 3740 patitur:
700 3668 780 3717 vere
800 3648 890 3716 enim
909 3645 1106 3716 meditatam
1134 3652 1242 3715 artem

262 3974 300 4056 (l)
312 3976 386 4037 Call.
404 3976 493 4056 Epio
509 3976 611 4037 XXIX.
