2942 4709
889 233 892 237 ·
1142 215 1157 252 h

627 307 673 320 ..
700 266 748 337 83
775 307 821 319 ..

214 423 330 521 prius,
351 425 539 496 litterarum
556 422 765 495 domicilium
785 425 848 495 luit
870 449 876 492 :
902 424 969 494 huc
990 423 1241 496 conveniebant

216 542 455 616 illustrissimi
479 540 633 612 omnium
677 543 856 633 regionum
894 540 990 622 viri;
1034 540 1089 612 hic
1120 563 1241 631 regum

215 662 473 754 principumque
524 660 685 749 suffragia
742 659 961 754 quaerebant,
1014 667 1117 754 etque
1166 660 1244 730 ideo

215 778 369 872 quodibi
385 777 594 872 probabatur
612 777 677 848 sihi
694 777 927 871 expetendum
942 777 1199 848 existimabant.

269 896 361 966 Inter
377 915 497 965 omnes
518 894 735 965 Ptolemaicae
751 894 862 966 aetatis
877 895 1079 987 scriptoreS,
1095 895 1242 987 primuS,
1339 893 1341 896 ’

219 1022 298 1105 post
315 1007 552 1106 Apollonium,
570 1012 747 1082 vocandus
765 1013 869 1082 estin
887 1013 1122 1083 testimonium
1142 1013 1247 1104 Lyco-

206 1115 346 1221 'phron‚
365 1128 559 1199 Callimachi
576 1128 611 1198 in
626 1130 745 1199 Museo
755 1129 886 1218 collega
898 1184 906 1214 ‚
918 1123 1129 1209 Cocondae,
1147 1135 1249 1199 tene-

220 1245 315 1316 brosi
330 1248 517 1339 poematis,
537 1247 689 1317 famosus
698 1254 828 1317 auctor.
849 1246 969 1316 Nullus
985 1252 1098 1315 antem
1112 1246 1248 1316 videtur

220 1362 327 1432 Genio
345 1363 463 1432 saeculi
479 1363 554 1456 plus
573 1384 615 1433 eo
632 1362 808 1443 litavisse;
828 1383 907 1432 nam
927 1368 1036 1431 totum
1057 1351 1095 1431 se
1114 1360 1248 1433 fabula·

218 1502 294 1549 rum
310 1481 430 1574 pelago
446 1480 627 1550 immersit.
651 1479 900 1573 Quodcumque
922 1480 957 1548 in
989 1479 1154 1572 Cyrenaeo
1171 1487 1250 1550 vate
1332 1553 1335 1558 ,

223 1597 440 1680 notavimus,
474 1597 693 1700 amplificavit
724 1598 759 1667 in
796 1598 907 1691 pejus,
943 1598 1124 1692 Eloquium
1160 1599 1252 1669 enim

222 1716 298 1804 ejus
327 1736 397 1785 non
428 1716 539 1785 solum
568 1716 706 1787 doctum
738 1724 772 1787 et
802 1714 1035 1810 exquisitum,
1057 1715 1118 1785 sed
1135 1717 1253 1808 putida

222 1832 413 1903 eruditione
422 1834 561 1925 plenum
575 1843 640 1905 est.
657 1833 888 1905 insolentibus
900 1831 999 1902 dictis
1017 1823 1251 1927 sabulosisque

225 1950 469 2042 sententiarum
493 1973 533 2020 ao
550 1950 736 2021 verborum
756 1951 935 2020 tormentis
953 1971 1062 2042 usque
1085 1949 1130 2019 ad
1151 1951 1253 2020 fasti-

225 2064 319 2158 dium
341 2066 448 2135 utitur
469 2092 476 2134 :
503 2067 565 2137 luit
586 2066 690 2156 igitur
717 2068 820 2137 etiam
840 2066 931 2159 apud
949 2065 1108 2159 antiquos
1126 2065 1253 2137 obscu-

224 2186 323 2255 ritate
340 2186 595 2258 celebcrrimus.
615 2188 693 2279 ipsa
707 2196 791 2273 ye're
810 2188 884 2277 ejus
901 2186 1119 2279 intemperies
1127 2187 1253 2257 mirum

226 2301 261 2369 in
279 2301 419 2372 modum
439 2303 561 2395 probat
583 2325 687 2398 quam
709 2326 875 2397 prospera
897 2302 1066 2374 doctrinae
1087 2304 1251 2374 Battiadis

211 2419 361 2508 ⁴lortuna
392 2421 505 2492 fuerit.
542 2422 635 2495 Talis,
664 2422 755 2519 enim
790 2426 944 2493 omnium
982 2421 1174 2491 animorum
1209 2422 1251 2492 ad

227 2535 358 2605 erudita
382 2538 534 2608 carmina
558 2539 730 2611 inclinatio
750 2547 840 2620 erat,
863 2545 901 2608 ut
919 2536 1090 2606 interdum
1112 2536 1178 2607 hoc
1191 2560 1255 2628 ge-

226 2672 307 2721 nere
340 2652 475 2722 dicendi
501 2654 734 2748 Lycophronis
756 2654 1017 2725 delectarentur.
1046 2653 1127 2723 Erat
1146 2676 1254 2724 unum
1338 2719 1339 2722 ,
1384 2631 1385 2634 ¹

225 2780 284 2839 aut
304 2771 447 2841 alterum
478 2771 673 2843 Callimachi
700 2795 787 2865 opus
813 2771 906 2866 quod
925 2770 1127 2841 Cassandrae
1143 2771 1254 2841 simile

228 2887 334 2957 luisse
352 2888 477 2964 lertur;
498 2910 620 2959 verum
637 2890 666 2959 is
686 2890 720 2959 in
746 2887 929 2981 praecipuis
947 2885 1163 2981 poematibus
1183 2894 1252 2957 tam

228 3003 407 3074 ridiculum
432 3004 553 3075 vitium
579 3008 781 3100 plerumque
799 3004 933 3074 vitavit.
954 3003 1156 3096 Lycophron
1189 3025 1253 3074 au·

229 3128 298 3188 tem
326 3119 414 3219 hanc
443 3119 685 3193 obscuritatem
713 3144 829 3193 amare
858 3143 898 3192 ac
933 3119 1052 3191 sedulo
1071 3119 1252 3214 exquirere

188 3249 192 3255 ’
229 3260 365 3332 semper
382 3239 530 3313 videtur.

278 3356 407 3428 Forsan
437 3381 507 3430 non
545 3367 614 3429 tam
646 3380 805 3430 severum
842 3356 885 3427 de
917 3377 959 3427 eo
991 3353 1156 3445 judicium
1187 3355 1253 3425 fer-

229 3496 369 3560 remus,
406 3478 435 3549 si
466 3490 579 3549 cetera
612 3479 687 3568 ejus
726 3477 851 3570 scripta
887 3481 1118 3568 superessent.
1156 3472 1250 3544 Dici-

228 3602 283 3664 tur
314 3596 404 3665 enim
442 3597 477 3666 in
502 3598 678 3689 tragoediis
714 3620 784 3667 non
817 3595 922 3666 fuisse
956 3591 1245 3673 contemnendus

228 3724 331 3807 atque
368 3714 404 3782 in
443 3716 579 3805 gemina
609 3693 918 3786 Alexandrinorum
957 3719 1075 3781 vatum
1116 3709 1250 3780 Pleiade

231 3831 343 3899 locum
385 3830 516 3902 habuit.
557 3834 590 3902 Is
622 3855 760 3927 quoque
799 3831 834 3900 in
878 3828 1123 3902 bibliothecam
1169 3849 1247 3898 cum

232 3949 428 4021 Alexandro
445 3952 557 4023 AEtolo
574 3952 790 4023 etZenodoto
802 3950 845 4020 ad
861 3948 1070 4021 recensenda
1092 3956 1251 4041 poemata
