2942 4709
646 255 692 267 ..
720 214 766 285 514
795 256 841 267 ..

149 427 153 432 Α
241 371 563 467 insimulaverit(l),
583 372 718 443 difficile
731 382 784 443 est
798 372 900 443 hodie
913 370 1126 465 perspicere,
1148 369 1213 440 nisi
1227 369 1263 438 id

240 473 359 558 vitium
378 490 413 559 in
429 488 636 583 quibusdam
660 489 869 560 carminibus
884 488 990 559 hodie
1004 487 1264 559 desideratisin-

240 610 400 680 notuerit.
418 609 559 680 Namin
577 609 712 710 scriptis
727 631 807 703 quae
821 610 988 687 habemus
1001 610 1143 678 minime
1155 587 1262 700 appa-

111 765 113 772 ·
151 732 153 735 ’
241 734 305 805 ret.
316 728 361 797 At
374 734 492 800 contra
500 725 816 819 saepissimebrevis
830 733 865 798 et
876 728 965 797 ultra
977 723 1261 797 modumsobrius

241 851 293 912 est
318 842 561 924 Callimachus,
581 843 628 913 ita
653 842 741 912 utin
759 842 863 913 rebus
889 841 1115 935 depingendis
1131 840 1259 934 aliquid

241 959 505 1035 desiderandum
521 964 712 1058 relinquere
726 963 1055 1035 voluissevideatur.
1070 962 1262 1057 Vixadum-
1323 1003 1325 1006 -

169 1152 172 1155 ⁴
222 1080 357 1152 bratur
372 1080 448 1150 haec
463 1081 596 1151 arboris
614 1059 802 1173 descriptio
831 1107 836 1149 :
937 1151 940 1156 ⁴

306 1341 312 1346 ⁴
342 1311 380 1394 ric
393 1328 420 1385 δέ
432 1352 472 1394 τις
485 1325 616 1406 αἴγειροί,
634 1332 700 1404 μέγα
712 1328 847 1406 δένδρεον,
867 1333 948 1406 αἰθέρι
959 1337 1039 1406 κῦρον
1061 1345 1067 1357 ·

341 1435 384 1483 Te
398 1424 469 1483 δ’ἕπι
485 1430 528 1481 ταὶ
546 1428 650 1502 Νύμφαι
665 1429 724 1482 ποτὶ
741 1425 847 1481 scindent
864 1420 994 1498 ἑψιόὼντο.
1058 1465 1061 1472 1

839 1515 896 1599 (re
914 1520 995 1598 cer,
1018 1540 1050 1581 v.
1067 1499 1130 1600 aa.)

237 1755 390 1825 Timebat
413 1755 502 1825 enim
523 1755 767 1825 incommunia
790 1754 900 1860 delabi
927 1755 955 1824 si
974 1757 1071 1850 plura
1101 1755 1258 1825 dixisset.

238 1876 321 1947 Uno·
343 1897 446 1964 versu
476 1874 607 1945 Cereris
629 1875 725 1945 iratae
751 1874 948 1968 terribilem·
965 1871 1178 1966 majestatem
1202 1898 1261 1947 os-

239 1994 347 2064 tendit
371 2020 377 2063 :

442 2296 443 2299 ¹
662 2269 725 2283 .....
743 2231 845 2301 γείνατο
859 2225 875 2282 δ
883 2225 915 2283 ’ἁ
932 2233 988 2291 tete
1007 2243 1015 2257 ·

342 2314 443 2403 Ϊθματα
460 2329 503 2401 μὲν
515 2330 619 2402 χέρσω,
635 2313 732 2401 ’κεφαλά
745 2323 772 2380 δέ
787 2327 810 2380 οἱ
825 2323 914 2398 ἅψαιτ’
929 2314 1052 2401 diripera.
1086 2342 1088 2344 ’

682 2411 690 2420 ’
883 2418 1085 2501 (rt.,v.58.l
1149 2434 1190 2475 ,·

238 2656 366 2727 Eadem
383 2655 551 2726 brevitate
577 2656 683 2725 multa
698 2655 764 2727 alia
785 2657 955 2730 tractavit.
984 2655 1160 2749 Copiosior
1177 2655 1272 2727 vero

118 2793 120 2796 ·
238 2781 292 2844 est
319 2795 398 2844 cum
412 2815 415 2822 ·
430 2794 471 2843 ea
494 2793 574 2866 quae
591 2772 744 2865 depingit
761 2774 874 2844 minus
892 2780 971 2844 nota
989 2781 1068 2844 sunt
1086 2798 1094 2855 ;
1113 2774 1260 2866 ideoque

238 2887 408 2959 interdum
426 2896 625 2960 ornamenta
642 2895 756 2981 captat
782 2889 983 2972 subtiliora,
1010 2911 1050 2960 ac
1075 2889 1209 2960 ducitur
1225 2890 1261 2959 in

238 3005 502 3098 descriptionem
535 3023 658 3076 rerum·
671 3028 879 3099 parvarum,
916 3014 950 3078 et
982 3007 1131 3101 quodam
1157 3006 1261 3078 modo

213 3137 218 3141 ’
238 3122 520 3205 domesticarum,
539 3123 696 3216 sedquae
717 3130 816 3192 extra
833 3114 947 3194 tritam
975 3123 1121 3194 orbitam
1136 3124 1260 3216 positae

237 3258 315 3311 esse
329 3239 439 3334 videri
452 3246 620 3332 poterant.
640 3241 738 3310 Tales
756 3248 835 3309 sunt
848 3239 1022 3322 biversus
1037 3240 1162 3335 quibus
1178 3240 1260 3310 Dia-

237 3378 317 3427 nam
333 3357 498 3427 inlantem
514 3365 682 3429 monstret
704 3356 850 3447 genibus
867 3358 975 3451 patris
992 3359 1086 3429 lovis
1110 3358 1261 3428 familia-

237 3475 318 3544 riter
340 3475 563 3557 insidentem,
591 3483 812 3570 mentumque
832 3477 907 3566 ejus
932 3477 1082 3569 parvulis
1100 3475 1259 3547 manibus
1350 3479 1358 3492 '

237 3593 360 3663 frustra
376 3593 555 3664 conantem
573 3594 740 3683 attingere
759 3589 818 3686 (t'u
829 3588 994 3708 *Dianam
1012 3616 1048 3664 v.
1069 3591 1255 3687 uu-ut);

280 3900 317 3985 (l)
333 3905 456 3970 Lucian.
471 3906 512 3969 Dc
527 3906 623 3970 Scrib.
643 3905 760 3985 lictum,
778 3927 806 3968 e.
825 3908 909 4000 LVll.
