2942 4709
669 228 896 305 ...g-4

347 488 386 548 Ut
398 487 511 547 nostris
523 487 685 547 tumefacta
700 486 860 566 superbiat
870 485 996 547 Umbria
1010 484 1113 563 libris,

406 586 534 648 Umbria
549 586 677 647 Romani
695 587 794 665 patria
806 585 984 646 Callimachi
1000 582 1047 666 (l).
1155 611 1156 614 ¹

291 804 378 874 Huic
408 803 552 873 accessit
568 804 761 874 sententiae
794 804 955 885 Ovidius,
990 803 1066 897 qui,
1105 799 1262 895 quamvis

246 920 419 1011 ingenium
435 921 640 992 Callimacho
651 930 772 1011 neget,
788 921 818 990 ei
830 928 935 991 artem
949 920 1267 1013 praestantissimam

243 1036 378 1119 tribuit,
401 1046 503 1132 atque
522 1040 577 1110 illa
604 1060 672 1109 una
697 1038 778 1108 dote
802 1039 1026 1126 immortalem
1052 1039 1124 1107 tore
1139 1035 1264 1107 vatici-

243 1162 369 1224 natur:

345 1366 499 1429 Battiades
510 1385 632 1447 semper
647 1374 710 1428 toto
727 1367 906 1429 cantabitur
921 1366 1014 1428 orhc:

407 1467 556 1541 Quamvis
572 1467 695 1548 iugenio
713 1487 774 1528 non
792 1466 891 1547 valet,
910 1476 976 1527 arte
994 1467 1075 1527 valet
1089 1463 1137 1547 (2).

296 1682 471 1775 Nusquam
504 1674 623 1753 'autem
660 1683 703 1753 de
739 1685 808 1753 ullo
847 1684 914 1753 alio
951 1682 1116 1775 scriptore
1158 1680 1267 1751 simile

239 1800 407 1889 judicium
443 1801 651 1871 invenimus,
687 1802 796 1872 Nemo
828 1801 937 1880 enim,
977 1798 1265 1894 quemadmodum

243 1916 455 1997 Callimachi,
498 1918 548 1987 sic
584 1926 617 1988 et
660 1917 800 1988 Homeri
839 1926 898 1987 aut
936 1917 1114 2010 Sophoclis
1157 1922 1265 1985 artem

243 2043 432 2115 memorat;
451 2057 495 2106 ne
517 2013 640 2107 ceteris
665 2037 803 2129 quidem
823 2035 1062 2106 Alexandrinis
1090 2033 1200 2126 poetis
1226 2055 1266 2102 ea

245 2154 319 2222 laus
329 2153 539 2235 conceditur,
556 2176 624 2248 qua
638 2161 753 2224 tamen
769 2176 838 2225 non
853 2154 998 2224 tortasse
1014 2152 1145 2243 indigni
1161 2158 1240 2222 sunt
1256 2176 1262 2218 :
1326 2218 1329 2226 .

243 2291 321 2340 nam
351 2271 553 2364 Apollonius
571 2272 765 2366 Aratusque
790 2281 824 2342 et
846 2293 967 2342 omnes
991 2278 1147 2358 auctores
1164 2268 1266 2359 hujus

244 2387 356 2458 aetatis
375 2410 443 2458 non
459 2388 559 2462 valde
577 2389 772 2460 Callimachi
792 2389 977 2460 dissimiles
993 2410 1071 2459 esse
1089 2387 1261 2457 videntur.

244 2507 403 2577 Attamen
432 2507 495 2577 soli
520 2507 724 2579 Callimacho
749 2518 910 2603 tanquam
938 2508 1075 2601 propria
1099 2507 1208 2577 virtus
1235 2514 1269 2576 et

246 2625 425 2716 peculiaris
448 2625 554 2696 luisse
573 2627 678 2696 fertur
696 2626 751 2695 illa
774 2627 807 2695 in
829 2624 1057 2696 versificando
1083 2623 1263 2693 industria.

291 2741 458 2835 Equidem
472 2742 654 2833 aggredior
667 2744 700 2813 in
715 2744 780 2814 hac
794 2744 1034 2835 scriptiuncula
1045 2763 1183 2811 oausam
1195 2750 1264 2811 tam

245 2858 397 2929 universi
422 2880 612 2930 consensus
631 2882 805 2954 quaerere,
828 2868 1051 2953 veterumque
1068 2857 1265 2951 opinionem

246 2976 354 3069 ipsius
368 2973 434 3047 viri
450 2978 575 3071 scripta
590 2978 786 3049 trutinando
805 2977 1020 3049 confirmare.

294 3094 343 3163 Ea
371 3102 485 3165 autem
513 3096 703 3190 quaestione
730 3098 845 3190 plures
876 3096 1105 3167 continentur.
1139 3094 1267 3164 Osten-

243 3210 364 3281 demus
380 3212 491 3306 primo
507 3212 747 3284 Callimachum
765 3214 953 3307 principem
970 3215 1075 3284 luisse
1087 3209 1266 3301 cujusdam

244 3337 422 3421 poetamm
453 3330 549 3401 chori
577 3353 702 3402 novam
733 3341 842 3402 artem
872 3330 1106 3426 quaeritantis,
1136 3328 1170 3396 in
1201 3350 1269 3422 qua

244 3447 317 3541 ipse
331 3449 538 3521 invenienda
551 3458 584 3521 et
596 3452 631 3520 in
643 3454 753 3523 lucem
768 3448 1266 3546 proterendaceterisomnihus

247 3567 337 3638 tama
356 3566 528 3661 praestitit.
1190 3557 1193 3561 “
1264 3554 1267 3558 ’

287 3815 324 3897 (t)
345 3819 496 3899 Propert,
514 3818 563 3897 lV,
582 3819 610 3879 l.

284 3912 322 3994 (θ)
341 3904 430 3976 Ovid.
446 3914 560 3992 Amor„
578 3917 588 3975 l
599 3962 606 3994 ‚
627 3915 674 3975 lt.
