2942 4709
640 273 833 344 ...M-

226 447 301 497 suae
332 425 470 495 familiae
497 427 648 519 primus,
686 428 720 496 in
751 425 791 497 ea
825 426 965 516 regione
994 446 1074 519 quae
1100 428 1243 519 populos

225 545 338 614 omnis
391 544 526 633 generis
566 544 782 625 continebat,
835 545 991 625 Graecos,
1043 544 1242 635 AEgyptios,

226 661 390 754 ludaeos,
414 660 502 730 inter
524 682 561 730 se
577 668 654 733 tum
670 661 804 751 legibus
821 717 829 742 ,
848 670 920 730 tum
940 660 1093 731 moribus
1114 669 1148 729 et
1165 662 1248 731 reli-¹

225 772 343 866 gione'
365 777 575 858 differentes,
603 778 727 858 voluit,
753 786 791 847 ut
820 777 934 857 aiunt,
956 784 1007 847 tot
1036 777 1248 848 diversarum

203 891 205 896 ’
228 896 383 987 gentium
400 877 653 991 indolesatque
670 898 806 988 ingenia
823 898 1028 990 permiscere
1045 906 1078 967 et
1096 899 1195 992 quasi
1213 899 1247 969 in
1345 922 1349 929 ·

227 1036 333 1083 unum
350 1013 518 1095 conflare3
538 1036 641 1107 quam
663 1013 801 1107 quidem
817 1015 1101 1106 vtemperationem
1114 1015 1247 1092 efficere
1267 1093 1269 1097 Α

231 1153 333 1223 posse
352 1131 503 1223 vputabat
534 1131 711 1202 doctorum
741 1132 918 1202 hominum
947 1133 1248 1222 congregationem

230 1249 415 1342 quamdam
452 1249 657 1330 formando,
690 1271 769 1342 quae
809 1250 959 1319 medium
996 1258 1127 1319 teneret
1162 1251 1251 1321 inter

230 1366 447 1437 sacerdotum
460 1366 698 1458 AEgyptiorum
714 1368 856 1456 collegia
868 1375 902 1437 et
914 1368 1047 1437 scholas
1054 1368 1249 1438 Graecorum

150 1543 154 1554 .
231 1481 503 1576 philosophicas,
517 1482 605 1552 Utile
627 1483 718 1552 enim
737 1482 904 1575 imprimis
922 1490 955 1553 et
974 1479 1090 1574 sibiet
1111 1505 1250 1554 succes-

230 1598 367 1668 soribus
395 1598 485 1678 scre,
516 1598 546 1667 si
572 1599 664 1690 ipse,
700 1598 884 1688 adjuvante
913 1600 1021 1669 Musei
1052 1581 1250 1693 discipline,

233 1718 414 1810 imperium
437 1726 612 1788 exerceret
633 1719 668 1787 in
696 1740 810 1788 mores
837 1721 939 1788 simul
957 1729 991 1788 et
1009 1719 1043 1787 in
1064 1728 1154 1789 artes
1172 1720 1253 1790 novi

234 1837 370 1930 populi,
389 1845 491 1930 atque
505 1838 640 1907 animos
657 1831 834 1907 hominum
850 1860 940 1907 novo
958 1838 1105 1932 quodam
1123 1839 1251 1909 instru-

191 2015 193 2020 .
233 1965 350 2028 mento
382 1958 478 2047 regni
511 1957 736 2047 gubernaret,
759 1980 827 2027 non
855 1979 953 2032 secus
980 1980 1019 2028 ac
1038 1959 1126 2029 vict
1149 1959 1254 2029 armis

230 2078 424 2146 voluntates
442 2083 670 2168 oppresserat.
714 2113 719 2122 ·

285 2194 358 2284 lsti¹
387 2194 547 2287 equidem
589 2195 742 2288 opinioni
785 2196 925 2265 omnino
976 2196 1132 2268 assentiri
1184 2213 1281 2267 non·

233 2297 395 2405 possum;
422 2333 502 2381 nam
530 2312 618 2381 faeta
650 2333 725 2381 eam
758 2334 828 2381 non
851 2311 1067 2382 confirmant.
1094 2313 1251 2382 lluseum

232 2428 325 2497 enim
347 2429 440 2497 nullo
460 2449 610 2520 unquam
632 2427 676 2496 ad
705 2426 868 2519 publicas·
885 2410 940 2497 res
963 2426 1272 2523 administrandas·

233 2545 363 2639 auxilio
382 2545 467 2624 fuit;
488 2567 600 2637 neque
624 2545 699 2634 ejus
722 2567 827 2636 opera
844 2545 996 2638 AEgyptii
1013 2545 1192 2639 Graecique
1220 2546 1254 2614 in

233 2664 336 2732 nnius
361 2662 477 2755 populi
508 2684 632 2754 corpus
663 2664 881 2744 coaluerunt,
912 2670 970 2732 aut
999 2663 1182 2752 religiones
1214 2686 1254 2733 ac

163 2802 167 2809 ·
234 2802 348 2850 mores
379 2802 497 2851 eorum
544 2769 624 2849 sunt
661 2780 704 2849 ad
737 2780 893 2850 eamdem
929 2781 1073 2850 formam
1111 2780 1252 2850 redacti.

233 2900 393 2968 Graecum
419 2898 508 2967 enim
533 2897 673 2967 omnino
694 2899 851 2968 illuseum
877 2898 1025 2978 mansit,
1049 2898 1254 2991 Graecosque

235 3024 366 3086 tantum
394 3016 513 3086 habuit
531 3016 680 3087 incolas.
705 3016 842 3105 lagidae
868 3025 980 3086 autem
1012 3015 1193 3107 AEgyptios
1220 3015 1256 3084 in

235 3141 404 3227 potestate
429 3155 492 3203 sua
518 3133 642 3203 talibus
665 3123 934 3203 institutionibus
964 3133 1109 3201 retinere
1137 3139 1254 3202 tenta-

235 3250 328 3320 visse
354 3251 447 3320 nullo
476 3251 579 3331 modo
613 3250 784 3320 videntur.
825 3248 892 3317 Sed
924 3249 952 3317 si
984 3248 1061 3341 quis
1092 3250 1254 3319 attentius

238 3366 443 3455 investigare
459 3365 540 3435 velit
555 3388 615 3435 cur
629 3365 812 3434 instituerit
828 3365 983 3434 Museum
1002 3365 1112 3444 Soter,
1128 3386 1255 3454 agnos-

234 3492 288 3551 cet
311 3504 402 3550 ,eum
439 3482 630 3551 scholarum
675 3481 864 3549 Atticarum
908 3481 1032 3550 samam
1073 3480 1257 3551 obscurare

237 3601 411 3683 voluisse,
432 3611 533 3693 atque
554 3600 597 3669 ad
625 3622 662 3669 se
682 3600 848 3693 quidquid
864 3599 1056 3692 splendoris
1073 3619 1119 3668 ex·
1135 3599 1255 3671 litteris

236 3744 398 3793 emanare
410 3729 528 3814 posset
539 3728 751 3791 convertere.
764 3721 872 3802 Quam
889 3720 1087 3812 opinionem
1104 3721 1257 3811 attigisse

237 3839 387 3931 reperio,
423 3838 458 3907 in
488 3837 728 3930 scriptiuncula
753 3837 795 3905 de
823 3837 1041 3920 Aristarcho,
1075 3861 1182 3908 unum
1212 3861 1257 3908 ex
1298 3855 1301 3860 ’

238 3955 489 4050 professoribus
527 3955 707 4025 parisiacae
748 3954 948 4035 Facultatis,
991 3955 1088 4044 cujus
1132 3957 1279 4025 nomeu
