2942 4709
513 373 515 376 ,
616 305 808 375 --51-

255 458 305 529 De
332 458 478 553 Panyasi
507 468 541 529 et
561 458 709 531 Choerilo
738 469 873 532 veteres
901 458 1086 532 admodum
1115 443 1224 555 pauca

129 673 131 680 .
204 577 404 647 retulerunt.
440 576 507 647 Sed
534 577 637 649 amho
671 578 755 649 satis
787 577 1009 674 probabiliter
1034 579 1226 650 Antimachi

110 679 113 684 ’
154 771 159 775 Δ
204 685 273 765 non
289 694 474 765 dissimiles
490 695 636 784 judicari
655 704 813 789 possunt.
835 695 923 767 Nam
948 690 1072 767 Suidas
1089 696 1227 791 Panya-

204 811 268 880 sim
281 811 389 904 ueluti
406 812 488 883 novi
515 812 618 904 hujus
647 814 735 907 epici
759 814 896 904 generis
913 822 1095 913 auctorem
1111 822 1145 885 et
1163 836 1228 908 pa-

201 934 334 998 rentem
368 927 563 1020 designavit
591 929 677 1025 (1).’“
692 928 860 1001 Choerilus
892 939 1006 1001 autem
1039 932 1159 1014 fertur,
1189 939 1227 1002 ut

133 1094 135 1097 ψ
203 1043 447 1126 AntimachuS,
471 1046 599 1138 saepius
624 1046 659 1116 iu
680 1067 743 1116 suo
763 1045 916 1116 carmine
939 1042 976 1117 dc
999 1041 1129 1117 Persico
1149 1042 1228 1117 bello

200 1159 345 1250 figurata
359 1161 514 1232 oratione
526 1184 611 1233 usus
635 1184 737 1243 esse,
765 1163 851 1233 adeo
870 1171 907 1231 ut
927 1160 972 1233 ab
990 1162 1229 1266 reconditiori-

201 1278 267 1351 hus
285 1280 404 1362 etiam
436 1281 545 1353 rebus·
568 1284 729 1376 exempla
763 1290 797 1352 et
829 1282 1103 1376 comparationes
1132 1292 1229 1376 pete-

203 1406 256 1468 ret
272 1395 341 1492 (ἓ).
1113 1399 1115 1406 ’

247 1513 377 1584 Eadem
408 1522 516 1586 aetate'
538 1516 625 1605 elegi
658 1536 796 1610 quoque
816 1516 1046 1608 reperiuntur.
1074 1515 1230 1586 Primum

204 1628 296 1699 enim
311 1629 536 1705 Antimachus
552 1630 812 1703 celeberrimam
824 1630 914 1724 apud
932 1638 1067 1702 veteres
1078 1632 1226 1723 'elegiam

200 1758 464 1843 composuerat,
496 1748 605 1845 Lyden
621 1750 679 1822 *de
700 1750 841 1822 nomine
873 1741 1020 1822 amantis
1043 1758 1223 1836 vocatam,
1334 1793 1335 1796 π

201 1883 304 1961 quam
331 1869 438 1938 multa
459 1868 667 1950 eruditione,
701 1868 790 1938 sicut
805 1865 1030 1948 Thebaidem,
1050 1889 1228 1962 resperse-

200 1991 265 2054 rat.
285 1985 336 2054 De
355 2006 395 2055 ea
413 1983 608 2056 Callimachi
631 1983 798 2075 judicium
814 1984 886 2074 jam
907 1984 1086 2064 novimus;
1106 1985 1223 2080 quod,

201 2100 266 2170 etsi
286 2100 402 2199 forsan
420 2099 594 2182 severius,
611 2101 711 2174 docet
725 2109 839 2170 tamen
855 2100 890 2169 in
917 2101 1025 2192 elegis
1041 2099 1135 2171 illum
1155 2122 1225 2172 non

114 2305 119 2310 ¹
200 2220 386 2291 feliciorem
421 2221 526 2291 fuisse
547 2241 651 2314 quam
676 2220 711 2289 in
727 2220 848 2314 epicis.
881 2222 964 2291 Post
985 2219 1225 2292 Antimachum

72 2395 74 2400 .
199 2338 306 2407 multo
318 2338 526 2408 recentiores
540 2337 735 2407 invenimus
743 2337 908 2432 Philetam
918 2344 952 2407 et
962 2337 1225 2409 Hermesianac-

196 2461 280 2536 tem,
296 2454 355 2549 qui
373 2454 475 2526 amho
490 2454 534 2525 ad
549 2462 705 2548 tempora
717 2455 981 2526 Ptolemaeorum
999 2455 1220 2526 duraverunt.

199 2572 343 2642 Philetae
375 2594 455 2665 quae
479 2572 599 2643 merita
629 2574 755 2643 luerint
776 2572 1001 2666 paucissimis
1021 2572 1225 2644 testimoniis

199 2690 372 2780 conjicere
390 2696 520 2760 tantum
541 2690 638 2771 licet,
662 2689 752 2760 sicut
769 2696 869 2759 antea
887 2688 1053 2760 diximus.
1072 2689 1233 2760 Herme-
1279 2751 1282 2756 ,

155 2893 160 2906 Ι
198 2808 359 2879 sianactis
371 2818 486 2878 autem
506 2808 588 2878 satis
602 2807 742 2898 longum
757 2808 984 2897 fragmentum
1001 2814 1169 2899 superest.
1183 2808 1223 2876 ln

197 2945 266 3018 quo
285 2924 378 2994 nulla
395 2923 506 3028 adhuc
523 2923 769 2994 Alexandrinae
782 2924 865 2993 artis
884 2921 1030 3011 uestigia
1054 2921 1218 3013 reperias

196 3041 283 3111 Nam
300 3062 428 3132 genere
444 3041 580 3112 dicendi
596 3041 703 3111 utitur
718 3040 946 3134 simpliciore,
964 3046 998 3109 et
1008 3058 1123 3131 prosae
1139 3059 1223 3109 ora-
1289 3131 1291 3134 Ι

193 3161 279 3231 tioni
297 3160 467 3232 interdum
490 3161 676 3241 viciniore;
703 3160 943 3254 vocaliumque
972 3165 1052 3229 ante
1086 3166 1217 3229 mutam

193 3298 272 3348 cum
301 3277 431 3372 liquida
455 3276 665 3372 frequentior
689 3273 859 3369 correptio
889 3276 1011 3347 Attioae
1041 3273 1221 3345 versifica-

183 3395 295 3494 tionis
334 3395 541 3499 imitatorom
577 3394 757 3466 denuntiat
795 3395 911 3487 potius
942 3415 1047 3493 qnam
1083 3393 1218 3471 Home-

192 3512 273 3581 ricae
290 3509 359 3607 (3).

235 3722 274 3805 (A)
306 3711 343 3791 ὃς
372 3731 524 3784 σὸεσθιῖσαν
560 3733 606 3787 τήν
642 3732 777 3786 ποιητικήν
811 3729 968 3801 ἐπανήγαγε.
999 3720 1145 3802 (suidas,
1183 3720 1217 3780 ill

197 3823 362 3904 Pauperi.)
527 3811 530 3818 ’
912 3872 916 3881 .
1101 3822 1103 3825 ’
1175 3894 1179 3902 ⁸

234 3913 272 4005 (A)
284 3924 415 4004 Naeoke,
435 3922 560 3985 Choert'li
574 3922 674 3984 Samii
683 3940 749 4003 qum
763 3927 920 4003 supersum
927 3968 937 3998 ,
953 3939 983 4000 p.
998 3919 1047 3982 59.

236 4021 274 4104 (3)
289 4025 333 4085 De
349 4022 491 4086 Phanoria
502 4022 580 4084 nihil
596 4020 681 4101 dico,
698 4036 877 4098 quanquam
893 4016 1033 4080 nonnulli
1045 4035 1116 4079 eum
1130 4015 1211 4076 ller-
