2942 4709
621 291 667 304 ..
695 249 742 319 65
770 290 816 303 ,-

192 409 273 480 tiam
300 408 481 479 immiscet.
515 406 614 477 Nunc
647 406 893 501 etymologiam
925 402 1022 473 vocis
1054 398 1211 472 versibus

194 526 334 607 inserit;
359 515 398 598 ut
419 546 497 596 cum
518 532 634 596 narrat
653 518 867 621 Ompltolium
887 527 1120 614 nuncupatum
1138 539 1216 590 esse

193 665 353 737 campum
361 641 546 736 quemdam
561 639 804 735 aCydonibus‚
822 636 915 733 quod
928 636 1110 708 umbilicus
1122 634 1217 707 Iovis

196 762 335 833 inlantis
357 760 404 831 ihi
417 759 579 831 ceciderit
600 755 660 855 (in
676 755 765 842 Joc„
781 780 818 827 v.
837 754 916 850 tt).
935 757 1034 827 Nunc
1049 754 1218 846 originem

149 926 155 935 »
194 879 290 951 urhis
306 886 366 950 aut
384 878 502 973 populi
517 878 641 959 relert;
665 898 757 947 nunc
775 874 925 966 regionis
942 874 1119 945 nominum
1134 871 1220 942 ‘mu-

197 981 380 1078 tationem;
399 1003 438 1067 ut
458 1018 538 1067 cum
562 995 710 1089 Liparen
731 994 878 1064 insulam
903 980 1086 1087 Melipcltic
1113 989 1219 1061 luisse

198 1115 280 1186 olim
296 1120 455 1185 vocatam
471 1113 575 1184 refert
591 1110 651 1208 (ic
667 1107 786 1194 Dion„
811 1132 847 1181 u.
869 1107 952 1203 dl).
995 1117 1004 1144 ³

247 1231 332 1302 Haec
355 1230 492 1302 attalia
525 1230 640 1300 forsan
670 1227 915 1300 Alexandrinis
941 1223 1093 1318 jucunda
1123 1211 1221 1293 vide·

170 1363 174 1371 ·
197 1347 322 1419 bantur
356 1372 364 1417 ε
401 1345 463 1419 sed
492 1366 556 1416 nos
584 1367 625 1415 ea
648 1365 725 1422 non
749 1343 920 1415 immerito
948 1340 1092 1435 poeticis
1118 1337 1221 1409 rebus
1325 1385 1332 1400 .

198 1486 319 1557 parum
336 1461 559 1554 congruentia
579 1461 786 1553 judicamus.

488 1771 577 1848 Vitio
590 1776 629 1874 ic
643 1771 761 1872 Elcpiis
770 1774 947 1873 pauciora.
964 1753 968 1760 ¹

251 2047 335 2117 Cum
353 2047 428 2117 haec
447 2046 549 2129 vitia,
576 2049 664 2119 sicut
678 2007 712 2117 et
727 2047 889 2128 virtutes
907 2067 953 2115 ex
968 2044 1081 2116 indole
1097 2043 1174 2140 ipsa³
1186 2052 1220 2113 et

200 2164 324 2237 studiis
352 2163 548 2236 Callimachi
583 2173 657 2237 orta
688 2165 775 2244 sint,
811 2163 854 2235 iis
886 2165 961 2235 sine
991 2161 1095 2234 dubio
1128 2162 1221 2233 nulla

202 2306 307 2380 opera
333 2285 408 2377 ejus
437 2308 546 2358 uacua
569 2297 679 2358 erant.
706 2287 867 2357 Attamen
894 2285 930 2354 in
954 2283 1080 2375 Elegiis
1113 2283 1218 2354 luisse
1329 2375 1331 2379 .

201 2402 363 2496 pauciora
376 2403 467 2475 vitia
475 2404 620 2476 libenter
633 2404 823 2475 crederem.

249 2514 447 2611 Elegiarum
460 2523 552 2594 enirn
565 2530 767 2613 argumenta
786 2521 993 2616 simpliciora
1008 2526 1106 2591 erant
1120 2511 1233 2613 atque

201 2636 384 2708 eruditioni
408 2640 523 2740 minus
537 2623 808 2739 accommodata.
826 2640 902 2709 Non
923 2633 1064 2709 omnino
1084 2636 1223 2731 quidem

202 2752 237 2820 in
264 2753 315 2823 eis
349 2752 581 2827 scientia'aut
620 2755 841 2847 grammatica
872 2753 1107 2832 abstinuerat;
1127 2745 1224 2822 ''nam
1327 2800 1333 2812 ·

202 2889 340 2938 carmen
357 2868 399 2939 de
413 2866 515 2948 Contu
529 2866 696 2966 Berenices
709 2870 869 2966 quaedam
881 2870 1027 2961 vestigia
1044 2869 1222 2940 doctorum

95 3001 102 3014 ’
201 2988 277 3077 ejus
313 2987 504 3074 studiorum
516 2979 527 3030 s
538 2971 708 3082 servarim
746 2999 780 3059 et
811 2990 999 3061 imitatores
1027 2986 1220 3059 Callimachi
1305 3032 1308 3036 -

203 3088 398 3211 Propertius
412 3091 457 3184 vet
478 3088 626 3208 Ovidius
649 3107 716 3202 ipsi
744 3107 849 3179 docti·
862 3114 954 3188 sunt.
982 3105 1049 3177 Sed
1078 3105 1225 3177 rariores

203 3243 305 3317 quam
341 3222 376 3292 in
410 3221 558 3319 hymnis
596 3224 794 3302 occasiones
832 3224 996 3319 peccandi
1012 3223 1219 3319 invenerat.-
1340 3312 1343 3318 Ι

112 3351 115 3356 ’
205 3339 332 3432 Hymni
362 3341 454 3412 enim
480 3342 523 3414 de
546 3344 640 3435 omni
672 3331 790 3414 ve'tere
809 3342 997 3431 'traditione‘
1027 3340 1222 3413 sermonem
1321 3413 1324 3418 ,

202 3456 347 3537 habent;
378 3466 547 3551 praeterea
572 3458 608 3530 id
629 3460 783 3551 materiae
809 3449 919 3550 genus
940 3460 1073 3552 poetico
1101 3457 1221 3551 spiritu

167 3574 170 3579 ’
204 3577 355 3648 maxime
376 3586 473 3670 eget,
499 3587 534 3650 et
561 3579 678 3674 divina
706 3580 855 3674 quadam
879 3579 1123 3673 inspiratione,
1152 3585 1221 3670 qua

200 3714 316 3763 carere
353 3693 596 3767 Callimachum
635 3698 760 3767 latetur
797 3697 871 3789 ipse
908 3695 1105 3790 Propertius
1144 3693 1222 3782 ejus

202 3809 415 3882 admirator:
