2942 4709
613 285 808 405 491..

288 677 334 752 De
350 675 478 753 latinis
492 680 594 779 poetis
610 679 835 756 Callimachum
849 681 932 755 artic
947 682 1129 772 laetatus„

253 966 438 1061 Postquam
463 968 606 1039 Romani
636 969 671 1037 in
699 968 865 1040 Graeciam
896 968 1081 1061 Asiamque
1105 975 1223 1037 traus-

199 1085 407 1166 cenderum,
426 1079 600 1181 regnaque
620 1095 654 1157 et
673 1087 829 1157 civitates
847 1108 962 1156 earum
979 1086 1157 1176 regionum
1183 1086 1220 1154 in

199 1210 402 1294 potestatem
418 1227 515 1274 suam
529 1206 752 1295 redegerunt,
773 1204 870 1274 brevi
888 1206 986 1273 multi
1002 1203 1219 1294 grammatici

198 1321 235 1390 in
263 1323 394 1393 ltaliam
420 1347 567 1407 venere,
593 1325 796 1417 scholasque
815 1325 953 1406 Roma,
984 1335 1017 1393 et
1042 1324 1078 1391 in
1103 1324 1225 1393 ceteris
1316 1320 1318 1322 ’

201 1439 343 1511 urbibus
375 1441 510 1534 imperii
544 1464 730 1534 aperuere,
763 1442 820 1511 ubi
851 1442 953 1511 victae
981 1441 1093 1531 gentis
1129 1449 1220 1510 artes

200 1559 366 1630 victorem
383 1563 548 1654 populum
565 1561 742 1633 docerent.
761 1561 887 1631 Eorum
905 1561 1058 1656 plerique
1078 1562 1225 1632 Alexan·

202 1677 378 1748 drinorum
415 1679 573 1772 discipuli
617 1686 730 1761 erant;
778 1679 905 1774 quippe
940 1679 1148 1749 Alexandria
1184 1680 1219 1748 in

176 1807 178 1812 ’
199 1794 456 1884 grammaticam
475 1817 514 1865 ac
530 1796 698 1888 poeticam
718 1795 898 1888 imperium
916 1795 1115 1876 exercebat,
1136 1796 1224 1865 sicut

202 1912 347 1983 Athenae
376 1912 605 2006 philosophiae
633 1920 737 2006 atque
763 1891 969 2006 eloqrientiae
997 1914 1224 2005 principatum

203 2036 437 2098 servaverant.
466 2028 492 2097 li
522 2028 626 2097 etiam
650 2049 899 2120 nonnunquam
921 2028 1134 2117 grammatici
1154 2051 1223 2098 una

203 2150 252 2212 et
272 2151 385 2236 poetae
407 2142 632 2226 habebantur,
661 2143 748 2213 sicut
774 2143 974 2212 Parthenius
999 2144 1074 2213 fuit.
1100 2144 1228 2215 Omnes

205 2268 319 2330 autem
342 2261 449 2331 Latini
477 2269 608 2358 poetae‚
631 2262 689 2355 qui
715 2261 750 2329 in
780 2282 822 2331 eo
853 2262 999 2343 saeculo,
1022 2260 1115 2355 quod
1141 2283 1222 2331 vere

202 2401 343 2450 auream
372 2380 560 2450 litterarum
584 2365 721 2464 aetatem
749 2380 925 2450 nominare
955 2380 1055 2463 licet,
1087 2380 1226 2461 vixere,
1272 2373 1276 2374 ⁷

108 2482 109 2485 ¹
206 2483 372 2567 a'Catullo
391 2496 434 2566 ad
449 2495 629 2576 Ovidium,
649 2503 757 2566 artem
770 2517 867 2565 suam
883 2495 973 2589 apud
984 2496 1227 2586 grammaticos

206 2613 282 2684 illos
316 2614 523 2696 didicerunt,
554 2620 710 2706 excepto·
727 2614 843 2682 forsan
872 2614 1038 2684 Lucretio.
1068 2614 1224 2684 Alexan-

209 2731 327 2801 drinos
353 2732 456 2823 igitur
478 2727 680 2823 scriptores,
700 2730 963 2813 Callimachum,
985 2732 1224 2824 Apollonium,

206 2850 367 2929 Aratum,
392 2858 427 2920 et
455 2857 588 2919 ceteros
619 2849 654 2917 in
681 2837 840 2918 manibus
872 2848 1023 2941 quotidie
1054 2849 1224 2928 habuere;

209 2975 312 3063 atque
338 2969 413 3039 illos
431 2968 465 3037 in
492 2967 719 3058 versificando
737 2968 921 3057 magistros
943 2975 976 3037 et
997 2967 1101 3037 duces
1119 2968 1225 3067 secuti

207 3095 300 3157 sunt.
337 3086 483 3157 Eosdem
517 3091 610 3178 saepe
644 3086 680 3154 in
719 3087 875 3162 Latinum
910 3092 1106 3167 verterunt,
1146 3086 1229 3155 nihil

205 3204 321 3275 utilius
340 3204 421 3290 rati,
443 3204 590 3297 quamsi
606 3204 669 3273 hac
685 3210 755 3274 tam
773 3203 900 3273 difficili
918 3203 1162 3275 exercitatione
1181 3203 1225 3273 ad

206 3342 324 3391 eorum
354 3322 531 3414 exemplar
566 3321 682 3391 stilum
703 3337 803 3391 suum
831 3320 1018 3410 tingerent,
1047 3329 1081 3391 et
1107 3321 1227 3391 rudem

208 3436 318 3508 adhuc
344 3439 532 3509 Romanam
559 3438 712 3527 linguam
742 3443 792 3507 tot
813 3436 1090 3507 doctissimorum
1116 3437 1225 3507 artili-

206 3554 336 3623 ciorum
356 3555 525 3649 frequenti
549 3576 614 3624 usu
632 3553 739 3623 Musis
753 3553 963 3623 tractabilem
982 3553 1178 3623 redderent.

257 3670 376 3740 Nullus
406 3678 458 3742 est
488 3672 590 3762 hujus
618 3655 730 3740 aetatis
760 3677 890 3752 auctor,
919 3670 954 3739 in
983 3693 1052 3764 quo
1081 3671 1229 3741 Alexan-

94 3780 120 3811 *
207 3787 384 3859 drinorum
427 3789 653 3860 imitationem
695 3787 950 3880 deprehendere
996 3811 1065 3859 non
1110 3788 1223 3858 liceat.

209 3904 359 3975 Catullus
375 3906 486 3998 primo
504 3905 696 3975 Callimachi
711 3927 792 3975 vere
810 3904 997 3999 discipulus
1014 3913 1084 3987 est,
1103 3912 1141 3974 ut
1156 3905 1228 3994 jam

209 4019 359 4092 diximus
379 4024 427 4104 in
470 4023 612 4093 exordio
650 4022 751 4112 hujus
784 4022 1050 4115 scriptiunculac.
1093 4020 1227 4091 Scimus
