2942 4709
491 925 493 928 .
583 857 902 929 conclusio,-

273 1476 392 1545 Statim
414 1474 467 1543 his
488 1473 587 1544 dictis
613 1494 755 1566 possum
781 1472 937 1568 equidem
959 1474 1074 1545 stilum
1092 1498 1238 1568 ponere,

226 1595 306 1688 quia
323 1593 405 1663 nihil
426 1592 549 1665 clarius
568 1591 694 1662 indicat
709 1590 789 1685 quid
808 1593 851 1662 de
870 1601 942 1662 arte
959 1593 1072 1663 Nostri
1093 1595 1243 1664 sentien-

227 1709 308 1780 dum
326 1709 382 1779 sil.

278 1829 361 1919 Ejus
382 1835 495 1898 autem
512 1825 688 1896 recensitis
706 1826 886 1919 operibuS,
905 1835 1150 1921 perspectaque
1167 1849 1245 1897 cum

229 1948 264 2016 in
282 1945 446 2016 faciendis
467 1943 626 2014 versibus
654 1966 789 2015 summa
809 1944 1001 2034 diligentia,
1022 1953 1093 2014 tum
1111 1946 1145 2014 in
1164 1945 1244 2015 seli-

231 2062 352 2152 gendis
372 2059 686 2154 componendisque
703 2058 817 2129 verbis
843 2062 1012 2151 elegantia
1039 2062 1246 2132 constantis-

233 2179 336 2260 sima,
361 2177 493 2248 collatis
528 2198 610 2245 aero
642 2176 685 2245 ad
714 2176 985 2247 confirmandum
1003 2177 1068 2248 hoc
1082 2178 1245 2269 judicium

233 2299 302 2367 lere
318 2297 489 2367 unanimis
508 2304 661 2365 ueterum
681 2285 903 2378 testimoniis,
923 2297 1128 2388 agnovimus
1144 2298 1249 2369 Calli-

236 2413 392 2483 machum
412 2412 581 2484 condendi
606 2413 767 2483 carminis
783 2414 1104 2506 praestantissimum
1120 2415 1249 2505 magis-

233 2539 323 2602 trum
367 2531 472 2601 fuisse
517 2553 588 2601 non
629 2529 800 2600 immerito
834 2531 1069 2624 praedicatum.
1098 2531 1246 2603 artificia

226 2649 373 2741 ‚quidem
404 2649 517 2740 plane,
535 2669 624 2720 nora
654 2650 746 2718 nulla
772 2649 922 2729 invenit;
944 2649 1005 2719 sed
1031 2672 1071 2719 ea
1100 2670 1178 2743 quae
1207 2648 1250 2719 ab

237 2765 395 2837 omnibus
441 2767 593 2860 priorum
634 2775 773 2837 aetatum
812 2768 921 2860 poetis
955 2776 1119 2862 usurpata
1154 2779 1251 2839 erant

239 2885 425 2975 recollegit,
441 2884 782 2978 scitequedisposnit,
797 2894 898 2979 atque
912 2886 945 2954 in
958 2885 1079 2955 melius
1091 2887 1248 2965 mutavit,

237 3003 282 3072 ita
299 3010 338 3071 ut
353 3024 397 3071 ex
420 3001 564 3072 diversis
581 3004 765 3074 multorum
784 3011 960 3073 auctorum
981 3002 1168 3073 rationibus
1186 3026 1252 3073 una

239 3128 341 3213 atque
358 3119 487 3211 optima
501 3118 587 3189 ratio
603 3126 787 3189 constaret.

288 3236 384 3306 Hanc
411 3257 527 3306 curam
545 3235 709 3306 ornandae
741 3243 844 3330 atque
864 3233 1088 3304 emendandae
1110 3235 1255 3328 poeticae

240 3375 309 3423 non
336 3376 442 3423 unum
475 3352 668 3445 suscepisse
696 3351 936 3422 Callimachum
961 3351 1251 3432 monstravimus3

242 3471 302 3541 sed
330 3491 449 3542 omnes
477 3470 730 3541 Alexandrinos
760 3469 865 3540 luisse
894 3470 968 3559 ejus
996 3469 1170 3559 adjutores
1199 3479 1257 3539 aut

241 3589 443 3659 imitatores.
464 3590 624 3660 Attamen
644 3589 782 3669 Noster,
811 3599 883 3658 tum
901 3588 982 3657 vitae
1010 3588 1250 3669 illustratione,

244 3716 315 3776 tum
332 3707 497 3777 varietate
515 3706 737 3799 scriptorum,
753 3705 880 3797 primas
894 3713 1009 3799 partes
1026 3704 1061 3774 in
1081 3705 1145 3775 hac
1161 3704 1259 3798 quasi

242 3824 412 3894 communi
448 3824 623 3916 provincia
664 3823 845 3903 sustinuit;
879 3823 953 3916 ipse
994 3844 1119 3893 novam
1152 3829 1261 3891 artem

244 3941 408 4012 adversus
440 3940 644 4010 dissidentes
675 3940 848 4022 defendit,
880 3948 983 4033 atque
1016 3962 1061 4010 ex
1091 3941 1147 4009 illa
1181 3961 1259 4009 cum

244 4057 424 4149 Apollonio
453 4057 640 4135 simultate,
669 4056 822 4127 omnium
842 4055 1083 4137 celeberrima,
1104 4054 1261 4146 superior

1159 4173 1179 4242 7
