<?xml version="1.0" encoding="UTF-8"?>
<!DOCTYPE html PUBLIC "-//W3C//DTD XHTML 1.0 Transitional//EN"
    "http://www.w3.org/TR/xhtml1/DTD/xhtml1-transitional.dtd">
<html xmlns="http://www.w3.org/1999/xhtml" xml:lang="en" lang="en">
 <head>
  <title>
</title>
<meta http-equiv="Content-Type" content="text/html;charset=utf-8" />
  <meta name='ocr-system' content='tesseract 3.04.00' />
  <meta name='ocr-capabilities' content='ocr_page ocr_carea ocr_par ocr_line ocrx_word'/>
</head>
<body>
  <div class='ocr_page' id='page_1' title='image "./deartecallimach00thiogoog_0097.png"; bbox 0 0 2942 4709; ppageno 0'>
   <div class='ocr_carea' id='block_1_1' title="bbox 603 258 857 333">
    <p class='ocr_par' dir='ltr' id='par_1_1' title="bbox 603 258 857 333">
     <span class='ocr_line' id='line_1_1' title="bbox 603 258 857 333; baseline 0 0"><span class='ocrx_word' id='word_1_1' title='bbox 603 258 857 333; x_wconf 82' lang='grc'>-93-’</span> 
     </span>
    </p>
   </div>
   <div class='ocr_carea' id='block_1_2' title="bbox 122 383 1291 4031">
    <p class='ocr_par' dir='ltr' id='par_1_2' title="bbox 133 383 1229 1543">
     <span class='ocr_line' id='line_1_2' title="bbox 133 383 1211 509; baseline 0.002 -24"><span class='ocrx_word' id='word_1_2' title='bbox 133 489 135 496; x_wconf 56' lang='lat'>.</span> <span class='ocrx_word' id='word_1_3' title='bbox 188 383 287 487; x_wconf 44' lang='lat' dir='ltr'>ratos‘</span> <span class='ocrx_word' id='word_1_4' title='bbox 311 408 443 484; x_wconf 82' lang='lat' dir='ltr'>diceres</span> <span class='ocrx_word' id='word_1_5' title='bbox 480 438 486 481; x_wconf 89' lang='lat'>:</span> <span class='ocrx_word' id='word_1_6' title='bbox 526 421 640 485; x_wconf 89' lang='lat' dir='ltr'>tamen</span> <span class='ocrx_word' id='word_1_7' title='bbox 682 416 726 485; x_wconf 90' lang='lat' dir='ltr'>ad</span> <span class='ocrx_word' id='word_1_8' title='bbox 767 416 842 485; x_wconf 89' lang='lat' dir='ltr'>illos</span> <span class='ocrx_word' id='word_1_9' title='bbox 877 414 976 509; x_wconf 85' lang='lat' dir='ltr'>quasi</span> <span class='ocrx_word' id='word_1_10' title='bbox 1010 435 1211 487; x_wconf 89' lang='lat' dir='ltr'>communes</span> 
     </span>
     <span class='ocr_line' id='line_1_3' title="bbox 188 513 1209 623; baseline 0.001 -20"><span class='ocrx_word' id='word_1_11' title='bbox 188 536 418 603; x_wconf 87' lang='lat' dir='ltr'>Romanorum</span> <span class='ocrx_word' id='word_1_12' title='bbox 462 536 580 601; x_wconf 72' lang='lat' dir='ltr'>ratum</span> <span class='ocrx_word' id='word_1_13' title='bbox 623 513 824 623; x_wconf 64' lang='lat' dir='ltr'>magistros⁴</span> <span class='ocrx_word' id='word_1_14' title='bbox 852 553 929 602; x_wconf 87' lang='lat' dir='ltr'>sese</span> <span class='ocrx_word' id='word_1_15' title='bbox 975 534 1209 615; x_wconf 83' lang='lat' dir='ltr'>conformare,</span> 
     </span>
     <span class='ocr_line' id='line_1_4' title="bbox 188 651 1212 748; baseline 0.002 -28"><span class='ocrx_word' id='word_1_16' title='bbox 188 659 352 744; x_wconf 90' lang='lat' dir='ltr'>quantum</span> <span class='ocrx_word' id='word_1_17' title='bbox 366 657 518 743; x_wconf 88' lang='lat' dir='ltr'>poterat,</span> <span class='ocrx_word' id='word_1_18' title='bbox 544 658 687 722; x_wconf 90' lang='lat' dir='ltr'>conatus</span> <span class='ocrx_word' id='word_1_19' title='bbox 707 658 772 721; x_wconf 91' lang='lat' dir='ltr'>est.</span> <span class='ocrx_word' id='word_1_20' title='bbox 798 651 881 720; x_wconf 91' lang='lat' dir='ltr'>Cum</span> <span class='ocrx_word' id='word_1_21' title='bbox 902 672 1002 732; x_wconf 90' lang='lat' dir='ltr'>ver0,</span> <span class='ocrx_word' id='word_1_22' title='bbox 1026 658 1127 748; x_wconf 85' lang='lat' dir='ltr'>aetate</span> <span class='ocrx_word' id='word_1_23' title='bbox 1140 652 1212 740; x_wconf 76' lang='lat' dir='ltr'>Jam</span> 
     </span>
     <span class='ocr_line' id='line_1_5' title="bbox 189 767 1210 862; baseline 0.003 -26"><span class='ocrx_word' id='word_1_24' title='bbox 189 775 359 849; x_wconf 86' lang='lat' dir='ltr'>maturus,</span> <span class='ocrx_word' id='word_1_25' title='bbox 380 768 423 837; x_wconf 92' lang='lat' dir='ltr'>ad</span> <span class='ocrx_word' id='word_1_26' title='bbox 439 767 571 860; x_wconf 89' lang='lat' dir='ltr'>priscos</span> <span class='ocrx_word' id='word_1_27' title='bbox 594 776 736 860; x_wconf 90' lang='lat' dir='ltr'>poetas,</span> <span class='ocrx_word' id='word_1_28' title='bbox 757 768 906 842; x_wconf 85' lang='lat' dir='ltr'>Ennium</span> <span class='ocrx_word' id='word_1_29' title='bbox 928 767 1210 862; x_wconf 89' lang='lat' dir='ltr'>Pacuviumque,</span> 
     </span>
     <span class='ocr_line' id='line_1_6' title="bbox 187 886 1212 978; baseline 0.002 -24"><span class='ocrx_word' id='word_1_30' title='bbox 187 906 347 955; x_wconf 89' lang='lat' dir='ltr'>reversus</span> <span class='ocrx_word' id='word_1_31' title='bbox 369 892 438 966; x_wconf 91' lang='lat' dir='ltr'>est,</span> <span class='ocrx_word' id='word_1_32' title='bbox 465 907 567 956; x_wconf 92' lang='lat' dir='ltr'>nemo</span> <span class='ocrx_word' id='word_1_33' title='bbox 590 907 668 956; x_wconf 91' lang='lat' dir='ltr'>eum</span> <span class='ocrx_word' id='word_1_34' title='bbox 686 894 739 972; x_wconf 88' lang='lat' dir='ltr'>est</span> <span class='ocrx_word' id='word_1_35' title='bbox 772 893 929 965; x_wconf 89' lang='lat' dir='ltr'>secutus;</span> <span class='ocrx_word' id='word_1_36' title='bbox 960 893 994 955; x_wconf 91' lang='lat' dir='ltr'>et</span> <span class='ocrx_word' id='word_1_37' title='bbox 1028 886 1120 956; x_wconf 90' lang='lat' dir='ltr'>dolet</span> <span class='ocrx_word' id='word_1_38' title='bbox 1138 887 1212 978; x_wconf 91' lang='lat' dir='ltr'>ipse</span> 
     </span>
     <span class='ocr_line' id='line_1_7' title="bbox 187 1001 1214 1096; baseline 0.001 -25"><span class='ocrx_word' id='word_1_39' title='bbox 187 1001 280 1095; x_wconf 91' lang='lat' dir='ltr'>quod</span> <span class='ocrx_word' id='word_1_40' title='bbox 314 1001 456 1095; x_wconf 42' lang='lat' dir='ltr'>antiqui,</span> <span class='ocrx_word' id='word_1_41' title='bbox 477 1009 574 1073; x_wconf 90' lang='lat' dir='ltr'>vates</span> <span class='ocrx_word' id='word_1_42' title='bbox 605 1024 678 1095; x_wconf 89' lang='lat' dir='ltr'>prae</span> <span class='ocrx_word' id='word_1_43' title='bbox 711 1002 851 1074; x_wconf 89' lang='lat' dir='ltr'>novitiis</span> <span class='ocrx_word' id='word_1_44' title='bbox 891 1002 956 1072; x_wconf 93' lang='lat' dir='ltr'>illis</span> <span class='ocrx_word' id='word_1_45' title='bbox 1001 1002 1214 1096; x_wconf 82' lang='lat' dir='ltr'>AEgyptiacae</span> 
     </span>
     <span class='ocr_line' id='line_1_8' title="bbox 188 1118 1229 1216; baseline 0.003 -29"><span class='ocrx_word' id='word_1_46' title='bbox 188 1119 317 1190; x_wconf 88' lang='lat' dir='ltr'>scholae</span> <span class='ocrx_word' id='word_1_47' title='bbox 332 1118 568 1216; x_wconf 71' lang='lat' dir='ltr'>scriptoribus</span> <span class='ocrx_word' id='word_1_48' title='bbox 589 1118 834 1212; x_wconf 81' lang='lat' dir='ltr'>despiciantur.</span> <span class='ocrx_word' id='word_1_49' title='bbox 852 1120 910 1189; x_wconf 81' lang='lat' dir='ltr'>Ait</span> <span class='ocrx_word' id='word_1_50' title='bbox 926 1120 1019 1189; x_wconf 89' lang='lat' dir='ltr'>enim</span> <span class='ocrx_word' id='word_1_51' title='bbox 1041 1119 1084 1189; x_wconf 91' lang='lat' dir='ltr'>de</span> <span class='ocrx_word' id='word_1_52' title='bbox 1101 1119 1229 1191; x_wconf 27' lang='lat' dir='ltr'>Ennio*</span> 
     </span>
     <span class='ocr_line' id='line_1_9' title="bbox 189 1231 1210 1330; baseline 0.002 -26"><span class='ocrx_word' id='word_1_53' title='bbox 189 1237 224 1304; x_wconf 95' lang='lat' dir='ltr'>in</span> <span class='ocrx_word' id='word_1_54' title='bbox 241 1231 441 1306; x_wconf 83' lang='lat' dir='ltr'><strong>Tusculanis</strong></span> <span class='ocrx_word' id='word_1_55' title='bbox 457 1235 538 1330; x_wconf 87' lang='lat' dir='ltr'>(lih.</span> <span class='ocrx_word' id='word_1_56' title='bbox 557 1237 623 1318; x_wconf 91' lang='grc' dir='ltr'><strong>ΙΙΙ,</strong></span> <span class='ocrx_word' id='word_1_57' title='bbox 650 1234 717 1328; x_wconf 83' lang='grc'>19)</span> <span class='ocrx_word' id='word_1_58' title='bbox 740 1262 747 1305; x_wconf 88' lang='lat'>:</span> <span class='ocrx_word' id='word_1_59' title='bbox 769 1264 786 1303; x_wconf 88' lang='lat'>«</span> <span class='ocrx_word' id='word_1_60' title='bbox 806 1237 834 1305; x_wconf 93' lang='lat' dir='ltr'>O</span> <span class='ocrx_word' id='word_1_61' title='bbox 851 1245 989 1329; x_wconf 86' lang='lat' dir='ltr'>poetam</span> <span class='ocrx_word' id='word_1_62' title='bbox 1014 1237 1210 1327; x_wconf 77' lang='lat' dir='ltr'>egregium,</span> 
     </span>
     <span class='ocr_line' id='line_1_10' title="bbox 186 1333 1213 1447; baseline 0 -24"><span class='ocrx_word' id='word_1_63' title='bbox 186 1333 382 1447; x_wconf 84' lang='lat' dir='ltr'>quanquam</span> <span class='ocrx_word' id='word_1_64' title='bbox 412 1354 456 1423; x_wconf 91' lang='lat' dir='ltr'>ah</span> <span class='ocrx_word' id='word_1_65' title='bbox 487 1355 541 1423; x_wconf 91' lang='lat' dir='ltr'>his</span> <span class='ocrx_word' id='word_1_66' title='bbox 568 1347 765 1425; x_wconf 84' lang='lat' dir='ltr'>cantoribus</span> <span class='ocrx_word' id='word_1_67' title='bbox 794 1354 1022 1447; x_wconf 78' lang='lat' dir='ltr'>Euphorionis</span> <span class='ocrx_word' id='word_1_68' title='bbox 1054 1361 1213 1425; x_wconf 89' lang='lat' dir='ltr'>oontem-</span> 
     </span>
     <span class='ocr_line' id='line_1_11' title="bbox 189 1474 338 1543; baseline -0.034 -1"><span class='ocrx_word' id='word_1_69' title='bbox 189 1474 298 1543; x_wconf 78' lang='lat' dir='ltr'>nitur!</span> <span class='ocrx_word' id='word_1_70' title='bbox 322 1501 338 1538; x_wconf 82' lang='lat' dir='ltr'>u</span> 
     </span>
    </p>

    <p class='ocr_par' dir='ltr' id='par_1_3' title="bbox 189 1587 1210 1798">
     <span class='ocr_line' id='line_1_12' title="bbox 237 1587 1210 1682; baseline 0.002 -25"><span class='ocrx_word' id='word_1_71' title='bbox 237 1589 312 1659; x_wconf 89' lang='lat' dir='ltr'>Jam</span> <span class='ocrx_word' id='word_1_72' title='bbox 346 1608 429 1657; x_wconf 90' lang='lat' dir='ltr'>vero</span> <span class='ocrx_word' id='word_1_73' title='bbox 451 1643 458 1668; x_wconf 94' lang='lat'>,</span> <span class='ocrx_word' id='word_1_74' title='bbox 478 1587 518 1657; x_wconf 54' lang='lat' dir='ltr'>&lt;si</span> <span class='ocrx_word' id='word_1_75' title='bbox 547 1587 591 1658; x_wconf 90' lang='lat' dir='ltr'>ad</span> <span class='ocrx_word' id='word_1_76' title='bbox 618 1588 765 1678; x_wconf 80' lang='lat' dir='ltr'><strong>Augusti</strong></span> <span class='ocrx_word' id='word_1_77' title='bbox 794 1597 949 1682; x_wconf 90' lang='lat' dir='ltr'>tempora</span> <span class='ocrx_word' id='word_1_78' title='bbox 978 1596 1210 1671; x_wconf 64' lang='lat' dir='ltr'>transeamus</span> 
     </span>
     <span class='ocr_line' id='line_1_13' title="bbox 189 1703 1208 1798; baseline 0.003 -24"><span class='ocrx_word' id='word_1_79' title='bbox 189 1705 403 1775; x_wconf 81' lang='lat' dir='ltr'>manifestior</span> <span class='ocrx_word' id='word_1_80' title='bbox 415 1711 518 1774; x_wconf 90' lang='lat' dir='ltr'>etiam</span> <span class='ocrx_word' id='word_1_81' title='bbox 536 1705 712 1798; x_wconf 89' lang='lat' dir='ltr'>apparebit</span> <span class='ocrx_word' id='word_1_82' title='bbox 719 1703 1034 1777; x_wconf 70' lang='lat' dir='ltr'>Alexandrinorum</span> <span class='ocrx_word' id='word_1_83' title='bbox 1050 1706 1208 1777; x_wconf 78' lang='lat' dir='ltr'>imitatio.</span> 
     </span>
    </p>

    <p class='ocr_par' dir='ltr' id='par_1_4' title="bbox 122 1800 1291 4031">
     <span class='ocr_line' id='line_1_14' title="bbox 238 1800 1215 1916; baseline 0 -25"><span class='ocrx_word' id='word_1_84' title='bbox 238 1822 392 1891; x_wconf 79' lang='lat' dir='ltr'>Occurrit</span> <span class='ocrx_word' id='word_1_85' title='bbox 426 1823 537 1914; x_wconf 93' lang='lat' dir='ltr'>primo</span> <span class='ocrx_word' id='word_1_86' title='bbox 569 1800 757 1913; x_wconf 59' lang='lat' dir='ltr'>VirgiliuS,</span> <span class='ocrx_word' id='word_1_87' title='bbox 789 1824 847 1916; x_wconf 92' lang='lat' dir='ltr'>qui</span> <span class='ocrx_word' id='word_1_88' title='bbox 875 1824 1077 1913; x_wconf 82' lang='lat' dir='ltr'>magistrum</span> <span class='ocrx_word' id='word_1_89' title='bbox 1095 1823 1215 1894; x_wconf 88' lang='lat' dir='ltr'>hahuit</span> 
     </span>
     <span class='ocr_line' id='line_1_15' title="bbox 190 1941 1214 2035; baseline 0.003 -26"><span class='ocrx_word' id='word_1_90' title='bbox 190 1941 429 2022; x_wconf 86' lang='lat' dir='ltr'>Parthenium,</span> <span class='ocrx_word' id='word_1_91' title='bbox 454 1950 492 2011; x_wconf 88' lang='lat' dir='ltr'>ut</span> <span class='ocrx_word' id='word_1_92' title='bbox 510 1942 688 2024; x_wconf 88' lang='lat' dir='ltr'>diximus,</span> <span class='ocrx_word' id='word_1_93' title='bbox 721 1942 830 2013; x_wconf 87' lang='lat' dir='ltr'>Musei</span> <span class='ocrx_word' id='word_1_94' title='bbox 853 1942 1020 2013; x_wconf 86' lang='lat' dir='ltr'>doctrinae</span> <span class='ocrx_word' id='word_1_95' title='bbox 1047 1942 1214 2035; x_wconf 91' lang='lat' dir='ltr'>imprimis</span> 
     </span>
     <span class='ocr_line' id='line_1_16' title="bbox 189 2041 1215 2152; baseline 0.004 -24"><span class='ocrx_word' id='word_1_96' title='bbox 189 2059 363 2129; x_wconf 86' lang='lat' dir='ltr'>heredem.</span> <span class='ocrx_word' id='word_1_97' title='bbox 381 2041 466 2150; x_wconf 83' lang='lat' dir='ltr'>Ejus</span> <span class='ocrx_word' id='word_1_98' title='bbox 479 2068 592 2130; x_wconf 89' lang='lat' dir='ltr'>autem</span> <span class='ocrx_word' id='word_1_99' title='bbox 604 2058 727 2129; x_wconf 89' lang='lat' dir='ltr'>dicitur</span> <span class='ocrx_word' id='word_1_100' title='bbox 740 2059 851 2130; x_wconf 87' lang='lat' dir='ltr'>adhuc</span> <span class='ocrx_word' id='word_1_101' title='bbox 861 2059 998 2150; x_wconf 90' lang='lat' dir='ltr'>juvenis</span> <span class='ocrx_word' id='word_1_102' title='bbox 1006 2060 1215 2152; x_wconf 92' lang='lat' dir='ltr'>poematium</span> 
     </span>
     <span class='ocr_line' id='line_1_17' title="bbox 189 2169 1214 2271; baseline 0.005 -28"><span class='ocrx_word' id='word_1_103' title='bbox 189 2169 349 2248; x_wconf 81' lang='lat' dir='ltr'>Moratum</span> <span class='ocrx_word' id='word_1_104' title='bbox 374 2175 526 2250; x_wconf 87' lang='lat' dir='ltr'>imitatus</span> <span class='ocrx_word' id='word_1_105' title='bbox 547 2177 725 2250; x_wconf 84' lang='lat' dir='ltr'>ueletiam</span> <span class='ocrx_word' id='word_1_106' title='bbox 750 2172 992 2269; x_wconf 85' lang='lat' dir='ltr'>interpretatus</span> <span class='ocrx_word' id='word_1_107' title='bbox 1007 2199 1102 2257; x_wconf 91' lang='lat' dir='ltr'>esse;</span> <span class='ocrx_word' id='word_1_108' title='bbox 1120 2176 1214 2271; x_wconf 93' lang='lat' dir='ltr'>quod</span> 
     </span>
     <span class='ocr_line' id='line_1_18' title="bbox 191 2293 1213 2365; baseline 0.006 -6"><span class='ocrx_word' id='word_1_109' title='bbox 191 2315 273 2364; x_wconf 88' lang='lat' dir='ltr'>vere</span> <span class='ocrx_word' id='word_1_110' title='bbox 301 2293 569 2364; x_wconf 81' lang='lat' dir='ltr'>Alexandrinam</span> <span class='ocrx_word' id='word_1_111' title='bbox 604 2293 776 2364; x_wconf 88' lang='lat' dir='ltr'>officinam</span> <span class='ocrx_word' id='word_1_112' title='bbox 803 2294 948 2365; x_wconf 90' lang='lat' dir='ltr'>redolet.</span> <span class='ocrx_word' id='word_1_113' title='bbox 976 2295 1101 2365; x_wconf 88' lang='lat' dir='ltr'>Rerum</span> <span class='ocrx_word' id='word_1_114' title='bbox 1121 2295 1213 2365; x_wconf 91' lang='lat' dir='ltr'>enim</span> 
     </span>
     <span class='ocr_line' id='line_1_19' title="bbox 190 2409 1214 2505; baseline 0.002 -27"><span class='ocrx_word' id='word_1_115' title='bbox 190 2409 455 2481; x_wconf 84' lang='lat' dir='ltr'>domesticarum</span> <span class='ocrx_word' id='word_1_116' title='bbox 485 2410 715 2481; x_wconf 90' lang='lat' dir='ltr'>minutissima</span> <span class='ocrx_word' id='word_1_117' title='bbox 734 2411 867 2504; x_wconf 86' lang='lat' dir='ltr'>pictura</span> <span class='ocrx_word' id='word_1_118' title='bbox 886 2419 939 2482; x_wconf 89' lang='lat' dir='ltr'>est</span> <span class='ocrx_word' id='word_1_119' title='bbox 955 2437 962 2491; x_wconf 94' lang='lat'>;</span> <span class='ocrx_word' id='word_1_120' title='bbox 987 2434 1055 2505; x_wconf 90' lang='lat' dir='ltr'>qua</span> <span class='ocrx_word' id='word_1_121' title='bbox 1074 2411 1214 2505; x_wconf 91' lang='lat' dir='ltr'>quidem</span> 
     </span>
     <span class='ocr_line' id='line_1_20' title="bbox 194 2526 1209 2611; baseline 0.003 -16"><span class='ocrx_word' id='word_1_122' title='bbox 194 2528 337 2597; x_wconf 91' lang='lat' dir='ltr'>materia</span> <span class='ocrx_word' id='word_1_123' title='bbox 352 2529 444 2598; x_wconf 91' lang='lat' dir='ltr'>nulla</span> <span class='ocrx_word' id='word_1_124' title='bbox 462 2528 584 2598; x_wconf 88' lang='lat' dir='ltr'>melior</span> <span class='ocrx_word' id='word_1_125' title='bbox 598 2527 780 2599; x_wconf 89' lang='lat' dir='ltr'>videbatur</span> <span class='ocrx_word' id='word_1_126' title='bbox 792 2526 837 2599; x_wconf 90' lang='lat' dir='ltr'>ad</span> <span class='ocrx_word' id='word_1_127' title='bbox 852 2528 1068 2600; x_wconf 85' lang='lat' dir='ltr'>formandum</span> <span class='ocrx_word' id='word_1_128' title='bbox 1080 2529 1209 2611; x_wconf 93' lang='lat' dir='ltr'>stilum,</span> 
     </span>
     <span class='ocr_line' id='line_1_21' title="bbox 185 2626 1213 2738; baseline 0 -23"><span class='ocrx_word' id='word_1_129' title='bbox 185 2654 287 2738; x_wconf 90' lang='lat' dir='ltr'>atque</span> <span class='ocrx_word' id='word_1_130' title='bbox 305 2645 349 2714; x_wconf 91' lang='lat' dir='ltr'>ad</span> <span class='ocrx_word' id='word_1_131' title='bbox 368 2644 566 2715; x_wconf 89' lang='lat' dir='ltr'>efficiendos</span> <span class='ocrx_word' id='word_1_132' title='bbox 582 2626 705 2716; x_wconf 89' lang='lat' dir='ltr'>versus</span> <span class='ocrx_word' id='word_1_133' title='bbox 725 2646 977 2717; x_wconf 88' lang='lat' dir='ltr'>concinniores.</span> <span class='ocrx_word' id='word_1_134' title='bbox 996 2646 1059 2716; x_wconf 91' lang='lat' dir='ltr'>His</span> <span class='ocrx_word' id='word_1_135' title='bbox 1076 2648 1213 2717; x_wconf 85' lang='lat' dir='ltr'>exerci-</span> 
     </span>
     <span class='ocr_line' id='line_1_22' title="bbox 193 2762 1216 2860; baseline 0.002 -28"><span class='ocrx_word' id='word_1_136' title='bbox 193 2762 379 2834; x_wconf 89' lang='lat' dir='ltr'>tationibus</span> <span class='ocrx_word' id='word_1_137' title='bbox 401 2762 564 2853; x_wconf 80' lang='lat' dir='ltr'>Virgilius</span> <span class='ocrx_word' id='word_1_138' title='bbox 588 2766 687 2834; x_wconf 83' lang='lat' dir='ltr'>&#39;suum</span> <span class='ocrx_word' id='word_1_139' title='bbox 713 2764 887 2857; x_wconf 90' lang='lat' dir='ltr'>eloquium</span> <span class='ocrx_word' id='word_1_140' title='bbox 906 2763 1102 2860; x_wconf 88' lang='lat' dir='ltr'>perpolivit.</span> <span class='ocrx_word' id='word_1_141' title='bbox 1132 2764 1216 2834; x_wconf 93' lang='lat' dir='ltr'>Cum</span> 
     </span>
     <span class='ocr_line' id='line_1_23' title="bbox 122 2876 1215 2975; baseline 0.002 -24"><span class='ocrx_word' id='word_1_142' title='bbox 122 2876 123 2879; x_wconf 62' lang='grc'>’</span> <span class='ocrx_word' id='word_1_143' title='bbox 191 2882 281 2951; x_wconf 88' lang='lat' dir='ltr'>enim</span> <span class='ocrx_word' id='word_1_144' title='bbox 297 2881 442 2970; x_wconf 81' lang='lat' dir='ltr'>Eclogas</span> <span class='ocrx_word' id='word_1_145' title='bbox 463 2881 629 2963; x_wconf 81' lang='lat' dir='ltr'>tentavit,</span> <span class='ocrx_word' id='word_1_146' title='bbox 661 2881 729 2972; x_wconf 81' lang='lat' dir='ltr'>jam</span> <span class='ocrx_word' id='word_1_147' title='bbox 750 2889 851 2975; x_wconf 90' lang='lat' dir='ltr'>poeta</span> <span class='ocrx_word' id='word_1_148' title='bbox 873 2882 1051 2975; x_wconf 84' lang='lat' dir='ltr'>perlectus</span> <span class='ocrx_word' id='word_1_149' title='bbox 1074 2890 1165 2963; x_wconf 89' lang='lat' dir='ltr'>erat;</span> <span class='ocrx_word' id='word_1_150' title='bbox 1195 2906 1215 2953; x_wconf 90' lang='lat' dir='ltr'>e</span> 
     </span>
     <span class='ocr_line' id='line_1_24' title="bbox 189 2996 1213 3090; baseline 0.001 -24"><span class='ocrx_word' id='word_1_151' title='bbox 189 2997 488 3088; x_wconf 84' lang='lat' dir='ltr'>grammaticorum</span> <span class='ocrx_word' id='word_1_152' title='bbox 507 2996 622 3067; x_wconf 88' lang='lat' dir='ltr'>schola</span> <span class='ocrx_word' id='word_1_153' title='bbox 637 3004 746 3067; x_wconf 89' lang='lat' dir='ltr'>artem</span> <span class='ocrx_word' id='word_1_154' title='bbox 762 2997 957 3090; x_wconf 87' lang='lat' dir='ltr'>reportabat</span> <span class='ocrx_word' id='word_1_155' title='bbox 970 2997 1129 3069; x_wconf 90' lang='lat' dir='ltr'>omnihus</span> <span class='ocrx_word' id='word_1_156' title='bbox 1146 3019 1213 3068; x_wconf 89' lang='lat' dir='ltr'>nu-</span> 
     </span>
     <span class='ocr_line' id='line_1_25' title="bbox 189 3115 1215 3212; baseline -0.001 -26"><span class='ocrx_word' id='word_1_157' title='bbox 189 3118 293 3187; x_wconf 89' lang='lat' dir='ltr'>meris</span> <span class='ocrx_word' id='word_1_158' title='bbox 319 3117 506 3209; x_wconf 85' lang='lat' dir='ltr'>expletam.</span> <span class='ocrx_word' id='word_1_159' title='bbox 528 3115 594 3186; x_wconf 84' lang='lat' dir='ltr'>Ars</span> <span class='ocrx_word' id='word_1_160' title='bbox 610 3124 724 3186; x_wconf 88' lang='lat' dir='ltr'>autem</span> <span class='ocrx_word' id='word_1_161' title='bbox 746 3117 802 3188; x_wconf 89' lang='lat' dir='ltr'>illa</span> <span class='ocrx_word' id='word_1_162' title='bbox 827 3116 948 3187; x_wconf 91' lang='lat' dir='ltr'>eadem</span> <span class='ocrx_word' id='word_1_163' title='bbox 976 3127 1028 3188; x_wconf 91' lang='lat' dir='ltr'>est</span> <span class='ocrx_word' id='word_1_164' title='bbox 1051 3139 1154 3212; x_wconf 91' lang='lat' dir='ltr'>quam</span> <span class='ocrx_word' id='word_1_165' title='bbox 1180 3119 1215 3186; x_wconf 92' lang='lat' dir='ltr'>in</span> 
     </span>
     <span class='ocr_line' id='line_1_26' title="bbox 189 3234 1213 3329; baseline -0.001 -24"><span class='ocrx_word' id='word_1_166' title='bbox 189 3234 394 3305; x_wconf 86' lang='lat' dir='ltr'>Callimacho</span> <span class='ocrx_word' id='word_1_167' title='bbox 429 3234 730 3325; x_wconf 89' lang='lat' dir='ltr'>deprehendimus.</span> <span class='ocrx_word' id='word_1_168' title='bbox 768 3235 822 3303; x_wconf 84' lang='lat' dir='ltr'>Ex</span> <span class='ocrx_word' id='word_1_169' title='bbox 851 3234 906 3304; x_wconf 90' lang='lat' dir='ltr'>his</span> <span class='ocrx_word' id='word_1_170' title='bbox 937 3256 1017 3329; x_wconf 88' lang='lat' dir='ltr'>qnae</span> <span class='ocrx_word' id='word_1_171' title='bbox 1041 3234 1085 3305; x_wconf 88' lang='lat' dir='ltr'>ad</span> <span class='ocrx_word' id='word_1_172' title='bbox 1114 3236 1213 3305; x_wconf 91' lang='lat' dir='ltr'>metri</span> 
     </span>
     <span class='ocr_line' id='line_1_27' title="bbox 191 3350 1213 3446; baseline 0.002 -25"><span class='ocrx_word' id='word_1_173' title='bbox 191 3352 386 3433; x_wconf 87' lang='lat' dir='ltr'>scientiam,</span> <span class='ocrx_word' id='word_1_174' title='bbox 412 3371 492 3443; x_wconf 90' lang='lat' dir='ltr'>qnae</span> <span class='ocrx_word' id='word_1_175' title='bbox 505 3350 549 3420; x_wconf 91' lang='lat' dir='ltr'>ad</span> <span class='ocrx_word' id='word_1_176' title='bbox 563 3372 745 3432; x_wconf 91' lang='lat' dir='ltr'>numeros,</span> <span class='ocrx_word' id='word_1_177' title='bbox 766 3373 846 3446; x_wconf 88' lang='lat' dir='ltr'>quae</span> <span class='ocrx_word' id='word_1_178' title='bbox 872 3353 1066 3425; x_wconf 85' lang='lat' dir='ltr'>adductam</span> <span class='ocrx_word' id='word_1_179' title='bbox 1087 3350 1213 3423; x_wconf 89' lang='lat' dir='ltr'>verho-</span> 
     </span>
     <span class='ocr_line' id='line_1_28' title="bbox 132 3469 1208 3562; baseline -0.001 -24"><span class='ocrx_word' id='word_1_180' title='bbox 132 3543 136 3551; x_wconf 64' lang='grc'>,</span> <span class='ocrx_word' id='word_1_181' title='bbox 168 3483 265 3538; x_wconf 76' lang='lat' dir='ltr'>&#39;rum</span> <span class='ocrx_word' id='word_1_182' title='bbox 293 3489 524 3562; x_wconf 86' lang='lat' dir='ltr'>versuumque</span> <span class='ocrx_word' id='word_1_183' title='bbox 546 3469 635 3538; x_wconf 92' lang='lat' dir='ltr'>inter</span> <span class='ocrx_word' id='word_1_184' title='bbox 661 3490 699 3539; x_wconf 91' lang='lat' dir='ltr'>se</span> <span class='ocrx_word' id='word_1_185' title='bbox 726 3470 1010 3562; x_wconf 87' lang='lat' dir='ltr'>compositionem</span> <span class='ocrx_word' id='word_1_186' title='bbox 1040 3470 1208 3553; x_wconf 90' lang='lat' dir='ltr'>attinent,</span> 
     </span>
     <span class='ocr_line' id='line_1_29' title="bbox 190 3585 1291 3679; baseline 0.002 -24"><span class='ocrx_word' id='word_1_187' title='bbox 190 3587 272 3655; x_wconf 91' lang='lat' dir='ltr'>nihil</span> <span class='ocrx_word' id='word_1_188' title='bbox 288 3593 340 3655; x_wconf 90' lang='lat' dir='ltr'>est</span> <span class='ocrx_word' id='word_1_189' title='bbox 356 3586 391 3654; x_wconf 92' lang='lat' dir='ltr'>in</span> <span class='ocrx_word' id='word_1_190' title='bbox 401 3585 542 3677; x_wconf 83' lang='lat' dir='ltr'>Virgilio</span> <span class='ocrx_word' id='word_1_191' title='bbox 556 3585 648 3679; x_wconf 91' lang='lat' dir='ltr'>quod</span> <span class='ocrx_word' id='word_1_192' title='bbox 659 3608 728 3657; x_wconf 93' lang='lat' dir='ltr'>non</span> <span class='ocrx_word' id='word_1_193' title='bbox 740 3588 958 3679; x_wconf 90' lang='lat' dir='ltr'>occupaverit</span> <span class='ocrx_word' id='word_1_194' title='bbox 973 3585 1207 3669; x_wconf 85' lang='lat' dir='ltr'>Callimachus,</span> <span class='ocrx_word' id='word_1_195' title='bbox 1289 3662 1291 3664; x_wconf 78' lang='lat'>.</span> 
     </span>
     <span class='ocr_line' id='line_1_30' title="bbox 190 3687 1209 3798; baseline 0.003 -26"><span class='ocrx_word' id='word_1_196' title='bbox 190 3704 272 3773; x_wconf 87' lang='lat' dir='ltr'>nihil</span> <span class='ocrx_word' id='word_1_197' title='bbox 285 3704 326 3786; x_wconf 43' lang='lat' dir='ltr'>,in</span> <span class='ocrx_word' id='word_1_198' title='bbox 348 3687 552 3774; x_wconf 85' lang='lat' dir='ltr'>Callimacho</span> <span class='ocrx_word' id='word_1_199' title='bbox 577 3702 670 3798; x_wconf 92' lang='lat' dir='ltr'>quod</span> <span class='ocrx_word' id='word_1_200' title='bbox 696 3725 765 3773; x_wconf 92' lang='lat' dir='ltr'>non</span> <span class='ocrx_word' id='word_1_201' title='bbox 791 3703 953 3795; x_wconf 83' lang='lat' dir='ltr'>Virgilius</span> <span class='ocrx_word' id='word_1_202' title='bbox 979 3704 1209 3798; x_wconf 84' lang='lat' dir='ltr'>usurpaverit.</span> 
     </span>
     <span class='ocr_line' id='line_1_31' title="bbox 188 3820 1210 3902; baseline 0.002 -12"><span class='ocrx_word' id='word_1_203' title='bbox 188 3821 344 3890; x_wconf 88' lang='lat' dir='ltr'>Cetemm</span> <span class='ocrx_word' id='word_1_204' title='bbox 367 3820 677 3902; x_wconf 82' lang='lat' dir='ltr'>Alexandrinorum</span> <span class='ocrx_word' id='word_1_205' title='bbox 696 3827 874 3892; x_wconf 87' lang='lat' dir='ltr'>auctorum</span> <span class='ocrx_word' id='word_1_206' title='bbox 902 3822 1029 3892; x_wconf 91' lang='lat' dir='ltr'>cultum</span> <span class='ocrx_word' id='word_1_207' title='bbox 1053 3820 1210 3892; x_wconf 85' lang='lat' dir='ltr'>Andinus</span> 
     </span>
     <span class='ocr_line' id='line_1_32' title="bbox 188 3935 1211 4031; baseline 0.004 -27"><span class='ocrx_word' id='word_1_208' title='bbox 188 3942 286 4006; x_wconf 89' lang='lat' dir='ltr'>vates</span> <span class='ocrx_word' id='word_1_209' title='bbox 308 3956 443 4028; x_wconf 86' lang='lat' dir='ltr'>semper</span> <span class='ocrx_word' id='word_1_210' title='bbox 475 3935 644 4015; x_wconf 86' lang='lat' dir='ltr'>servavit;</span> <span class='ocrx_word' id='word_1_211' title='bbox 674 3957 812 4027; x_wconf 91' lang='lat' dir='ltr'>semper</span> <span class='ocrx_word' id='word_1_212' title='bbox 829 3957 889 4007; x_wconf 90' lang='lat' dir='ltr'>eos</span> <span class='ocrx_word' id='word_1_213' title='bbox 906 3937 1011 4008; x_wconf 90' lang='lat' dir='ltr'>duces</span> <span class='ocrx_word' id='word_1_214' title='bbox 1032 3936 1130 4031; x_wconf 90' lang='lat' dir='ltr'>sequi</span> <span class='ocrx_word' id='word_1_215' title='bbox 1148 3958 1211 4008; x_wconf 86' lang='lat' dir='ltr'>vo-</span> 
     </span>
    </p>
   </div>
   <div class='ocr_carea' id='block_1_3' title="bbox 0 0 1476 4709">
    <p class='ocr_par' dir='ltr' id='par_1_5' title="bbox 0 0 1476 4709">
     <span class='ocr_line' id='line_1_33' title="bbox 0 0 1476 4709; baseline 0 0"><span class='ocrx_word' id='word_1_216' title='bbox 0 0 1476 4709; x_wconf 95' lang='lat' dir='ltr'> </span> 
     </span>
    </p>
   </div>
  </div>
 </body>
</html>
