2942 4709
480 608 525 685 lla
544 611 643 710 liujus
659 612 838 686 simultatis
856 611 958 685 cuitu.

261 831 369 914 Quam
405 833 530 902 multos
560 809 630 923 jarn
656 855 697 902 eo
733 842 888 924 tempore
925 832 1075 902 fautores
1096 828 1236 899 haberet

212 951 303 1044 apud
319 951 426 1021 Alexa
460 951 572 1022 'rinos
589 952 744 1022 doctrina
761 950 976 1031 Callimachi,
996 950 1097 1020 docet
1113 951 1237 1020 simul-

165 1116 166 1119 ,
210 1067 290 1137 tatis
316 1066 411 1140 exitu
476 1068 645 1161 Apollonii
671 1089 793 1160 poema
813 1066 921 1136 sibilis
944 1076 1125 1159 exceptum
1150 1067 1232 1146 fuit,
1313 1048 1316 1054 ⁵

212 1206 281 1254 non
298 1192 367 1254 tarn
387 1187 502 1255 forsan
517 1184 562 1255 ob
577 1185 650 1278 ipsa
666 1186 742 1274 ejus
762 1165 867 1264 vitias
887 1206 990 1277 quarn
1011 1185 1090 1276 quia
1110 1190 1234 1258 aucto-

215 1301 262 1371 ris
281 1302 461 1395 opiniones
491 1303 532 1371 de
562 1311 635 1372 arte
667 1302 801 1394 poetica
820 1300 1234 1393 displicebantNeqnea

212 1420 358 1490 factione
376 1427 506 1490 tantum
524 1419 749 1490 Callimachea
767 1419 949 1511 explosum
967 1420 1018 1488 fas
1036 1424 1089 1487 est
1107 1417 1233 1487 dicere.

212 1539 338 1611 Omnes
356 1541 447 1610 enim
464 1539 577 1620 civeS,
600 1561 790 1632 omnesque
812 1546 923 1632 poetae
939 1560 1065 1608 norum
1088 1538 1237 1629 scripto-

212 1679 284 1727 rem
321 1657 660 1737 condemnaverunt,
692 1656 738 1725 ita
769 1663 807 1723 ut
839 1655 873 1724 in
898 1655 1043 1725 insulam
1076 1654 1230 1724 Rhodum

211 1774 407 1864 confugisse
425 1796 464 1843 ea
486 1794 587 1843 cansa
603 1772 745 1853 dicatur,
769 1768 854 1865 quod
870 1767 1035 1866 pullicum
1051 1767 1234 1867 iufamium

213 1891 300 1987 serre
316 1901 490 1988 dampuaret
507 1890 576 1985 (1).
594 1892 692 1960 Nulla
709 1889 800 1959 enirn
817 1889 948 1981 privata
963 1888 1137 1958 inimicitia
1148 1888 1234 1964 adeo

212 2012 357 2081 molesta
394 2010 534 2089 fuisset,
569 2018 607 2078 ut
634 2018 772 2099 cogeret
794 1995 879 2078 ⁴eum
906 2009 1048 2101 patriam
1076 2006 1235 2078 deserere

213 2148 314 2228 quam
332 2127 488 2224 amabat,
510 2147 682 2220 quamque
700 2126 850 2195 revisere
871 2132 989 2218 postea
1008 2125 1136 2215 gestiit.
1168 2125 1234 2194 Sed

213 2244 385 2314 universae
401 2243 496 2313 urbis
514 2242 592 2313 odia
618 2243 747 2312 intenta
780 2243 815 2311 in
848 2265 925 2312 eum
948 2265 1026 2313 esse
1043 2241 1233 2335 putandum

213 2368 284 2443 est,
315 2368 352 2431 ut
381 2360 424 2432 ad
449 2360 629 2431 consilinm
651 2353 722 2431 tarn
743 2381 848 2450 grave
870 2360 1112 2454 impelleretur.
1142 2360 1233 2444 Quid

212 2486 326 2548 autern
345 2478 539 2549 Callimachi
556 2477 648 2570 apud
665 2476 916 2547 Alexandrinos
931 2476 1142 2547 auctoritatis
1159 2499 1235 2547 ma-

209 2595 267 2684 jus
283 2594 564 2688 manifestiusque
584 2575 816 2664 testimonium
836 2600 949 2685 potest
962 2593 1106 2662 inveniri
1121 2596 1136 2662 ‘l

263 2710 336 2780 Hoc
364 2710 501 2804 publico
524 2696 654 2801 judicio
679 2710 804 2780 Noster
833 2731 901 2778 non
941 2717 1122 2779 contentus
1157 2711 1231 2780 fuit.

212 2829 299 2899 Nam
316 2829 483 2899 adversus
500 2828 719 2922 Apollonium
739 2823 826 2911 llio,
844 2836 882 2896 ut
897 2826 1068 2909 diximus,
1088 2849 1235 2921 compo-

167 2959 169 2962 ’
214 2946 295 3017 suit.
314 2947 434 3017 Utrum
455 2968 538 3017 vero
554 2954 737 3041 postquam
765 2947 820 3015 ille
840 2946 1009 3039 profectus
1041 2953 1151 3027 esset,
1188 2957 1233 3025 an'

212 3064 326 3158 prius,
346 3074 459 3134 utrum
490 3066 589 3135 novis
615 3064 794 3134 calumniis
816 3063 1010 3143 lacessitus,
1035 3085 1077 3133 an
1094 3063 1142 3133 ira
1159 3071 1236 3133 tan-

214 3188 286 3251 turn
316 3180 483 3273 impulsus
508 3180 573 3252 hoc
596 3201 734 3249 carmon
757 3179 932 3260 emiserit,
962 3179 1133 3250 incertum
1165 3190 1229 3249 est.

213 3298 339 3368 Ferunt
357 3297 574 3369 solummodo
591 3297 805 3387 grammatici
819 3318 906 3390 opus
922 3297 1033 3390 ipsum
1058 3305 1235 3367 contume-

215 3418 338 3488 liosum
358 3417 482 3498 fnisse,
503 3426 536 3488 et
551 3439 654 3511 quam
671 3417 822 3487 maxime
839 3416 1024 3487 obscurum
1051 3416 1119 3509 (ἲ).
1140 3417 1234 3486 Hanc

222 3617 226 3624 ’
258 3610 296 3694 (l)
313 3620 352 3675 Μή
372 3619 482 3692 φέροντα
498 3613 524 3670 δὲ
535 3620 581 3675 τήν
600 3617 732 3688 αἰσχύνην
750 3622 798 3669 τῶν
815 3614 926 3673 πολιτῶν
937 3660 944 3684 ,
955 3597 1007 3671 Ικαὶ
1025 3615 1055 3667 τὸ
1075 3610 1171 3675 ὄνειδος
1187 3615 1230 3667 καὶ

217 3721 264 3778 τὴν
281 3714 405 3775 drudoldu
426 3723 475 3770 τῶν
488 3712 570 3771 ἄλλων
586 3723 697 3775 ποιητῶν
711 3757 719 3781 ,
732 3716 886 3771 καταλιπεῖν
906 3722 952 3776 τήν
966 3713 1084 3790 πατρίδα
1095 3708 1223 3791 (λέγεται).

218 3807 449 3894 (Escriptorib.
469 3811 544 3871 vitm
560 3810 675 3890 Apoll,
691 3807 745 3889 id.)

258 3908 296 3991 (ἓ)
310 3910 440 3987 Suidas,
456 3910 488 3970 iu
508 3908 626 3970 Gallim.
642 3943 679 3956 -
695 3910 836 3970 Clemens
866 3906 1030 3968 Alexandr.
1057 3906 1165 3967 Strom.
1202 3905 1230 3980 V,

222 4010 273 4073 loc.
288 4011 336 4072 cit.
