2942 4709
610 320 655 333 ..
682 279 727 352 57
756 320 802 335 ..

118 416 125 422 ⁸
196 456 324 529 easque
339 433 473 504 efficere
488 442 548 504 aut
561 433 687 506 nitidas
705 490 713 517 ,
729 443 787 506 aut
805 434 1001 506 vibrantes?
1016 434 1135 505 Nullus
1147 434 1213 524 igi-

134 534 139 542 ’
194 559 249 622 tur
276 574 323 622 ex
351 549 594 623 Alexandrinis
617 552 652 622 in
673 552 739 622 hoe
760 573 886 642 genere
902 552 934 623 ei
952 551 1061 643 gloria
1078 551 1213 622 videtur

195 669 410 766 praestitisse.
427 670 550 761 Magna
564 670 663 764 copia
677 678 730 741 est
740 670 1033 764 Epigrammatum
1048 671 1123 760 ejus
1135 690 1215 764 quae

193 788 238 858 ed
253 786 522 859 confirmandam
539 788 629 859 hano
644 787 842 882 opinionem
860 787 982 876 afferre
1000 808 1156 882 possem,
1179 796 1214 857 et
1282 845 1288 861 .

195 929 235 977 ea
263 908 402 1002 quidem
429 907 472 979 de
495 906 600 979 rebus
618 908 731 979 omnis
749 909 887 998 genens
910 908 1108 989 tractantia;
1134 914 1214 980 sunt

194 1027 285 1095 enim
303 1025 457 1108 satirica,
477 1023 664 1108 amatoria,
684 1025 935 1119 philosophica,
959 1022 1101 1097 suntad
1123 1026 1215 1095 litte-

195 1163 271 1223 ras,
290 1142 334 1213 ad
357 1164 477 1234 regum
493 1142 744 1223 adulationem,
765 1142 810 1213 ad
834 1152 1047 1214 mortuorum
1075 1142 1214 1214 deside-

191 1258 282 1334 rium
312 1259 514 1352 spectantia.
545 1259 629 1328 Haee
646 1258 762 1359 omnia
784 1279 983 1351 percurrere
999 1281 1070 1331 non
1088 1258 1217 1352 patitur

194 1376 295 1466 hujus
329 1376 583 1469 scriptiunculae
597 1435 601 1440 .
614 1375 867 1447 modicissimus
906 1376 1068 1448 ambitus.
1105 1377 1217 1448 Paula
1332 1467 1338 1480 ι

195 1494 300 1585 igitur
313 1501 446 1565 tantum
465 1495 645 1585 attingam.
892 1503 894 1506 ’

242 1611 297 1681 Ex
327 1612 489 1688 omuibus
513 1611 591 1682 istis
619 1612 799 1705 poematiis
817 1612 1104 1706 praestantissima
1132 1612 1217 1682 mihi

192 1727 352 1799 videntur
383 1751 424 1799 ea
451 1750 531 1824 quae
560 1729 596 1799 in
617 1729 844 1823 exprimendo
865 1751 983 1800 amore
1007 1737 1213 1811 versantur;

190 1868 338 1940 quorum
371 1868 535 1918 numerus
569 1849 673 1919 etiam
705 1848 880 1918 maximus
912 1853 977 1918 est.
1011 1847 1141 1927 Eadem
1174 1869 1216 1918 eo

191 1964 332 2068 majoris
370 1965 535 2035 momenti
571 1964 615 2036 ad
651 1964 928 2056 cognoscendum
974 1963 1216 2058 Callimachum

191 2081 351 2164 arbitror,
374 2104 443 2176 quo
466 2083 578 2174 magis
598 2083 786 2174 elegiarum
811 2082 963 2180 materiis
985 2082 1099 2154 vicina
1118 2091 1212 2154 sunt.

190 2186 306 2281 Quam
318 2221 401 2270 vero
420 2199 543 2270 Noster
553 2200 589 2288 in
606 2199 649 2270 iis
665 2199 872 2281 concinnus,
891 2221 1064 2295 quamque
1076 2220 1211 2270 venus-
1238 2289 1242 2294 p

190 2315 334 2399 tussit,
366 2316 497 2394 nemini
518 2315 660 2388 dubium
680 2338 758 2390 esse
781 2324 897 2410 potest
924 2317 983 2411 qui
1012 2338 1052 2387 ea
1079 2317 1211 2407 legerit.

189 2431 282 2502 Inter
313 2453 393 2526 quae
417 2434 596 2526 praeoipua
622 2433 749 2504 notabo
779 2433 880 2526 Epig.
915 2433 1041 2516 XXVI,
1067 2432 1212 2514 XXXII,

190 2547 350 2631 XXXIII,
371 2548 493 2632 XLIII,
513 2548 627 2631 XLIV,
647 2549 747 2618 XLVI
761 2567 772 2630 ,’
787 2548 923 2630 XLVII,
940 2548 1010 2618 LVI
1029 2546 1210 2645 (Ernesti).

190 2668 265 2737 Duo
280 2688 326 2736 ex
340 2666 394 2737 his
410 2666 519 2738 Latini
535 2667 657 2737 imitati
673 2674 770 2737 sunt.
781 2666 928 2749 Quintus
945 2666 1037 2737 enim
1052 2665 1210 2747 Catulus,

189 2791 290 2853 vetus
314 2792 433 2877 poeta,
455 2783 746 2875 elegantissimam
766 2783 970 2854 sententiam
988 2784 1089 2876 Epig.
1113 2783 1214 2852 XLIlI

190 2899 332 2970 lelieiter
348 2900 590 2993 interpretatus
608 2907 662 2970 est
678 2898 732 2969 his
752 2885 868 2969 verbis
888 2924 894 2967 :

291 3173 417 3254 Aufugit
433 3175 476 3234 mi
491 3174 631 3254 animus,
650 3175 756 3254 oredo,
774 3181 810 3235 ut
822 3173 918 3252 solet,
936 3173 975 3234 ad
989 3174 1193 3235 TheotImum.
1210 3216 1212 3220 -

350 3273 499 3352 Devenit,
515 3273 560 3334 sio
571 3280 689 3353 est‚....
709 3280 769 3334 etc.

74 3590 82 3608 ⁹
183 3510 285 3602 Epig.
313 3517 426 3580 autem
460 3509 598 3578 XXXIII
623 3510 693 3579 fere
720 3508 889 3598 integrum
920 3505 1021 3576 vertit
1049 3502 1208 3574 Horatius

189 3626 264 3721 (llb.
283 3627 315 3709 I,
334 3619 408 3698 Sat.
426 3627 479 3708 ll,
502 3650 537 3696 v.
566 3624 651 3719 105)
671 3651 677 3693 ε

555 3927 616 3942 .....
631 3882 778 3959 Leporem
795 3884 924 3938 venator
939 3884 974 3937 ut
987 3876 1048 3936 alta

288 3981 322 4039 ln
338 3980 411 4041 nire
423 3983 626 4060 sectatur‚....
645 3987 704 4040 otc.
