2942 4709
243 364 498 447 argumentum
520 358 581 438 sit,
608 379 708 451 aeque
727 367 870 451 apparet
892 357 1083 427 maximum
1104 355 1282 454 artificium

236 519 242 526 r
260 470 489 545 versificandi.
504 472 679 566 Quidquid
693 474 785 543 enim
799 472 843 543 ad
856 471 1038 543 verborum
1051 493 1286 543 numerorum-

265 611 332 684 que
352 591 636 683 compositionem
652 591 789 686 attinet,
804 590 1058 661 accuratissime
1075 589 1283 661 elaboratum

261 699 326 780 est.
356 709 438 780 Cum
467 718 582 780 autem
608 709 685 779 haec
710 718 869 803 poemata
897 709 1042 780 diversis
1072 709 1283 803 temporibus

257 828 446 920 composita
460 828 586 897 luerint
605 826 682 922 (1),
704 848 851 923 cumque
870 828 905 897 in
926 828 976 897 eis
996 826 1116 898 eadem
1139 828 1183 898 sit
1196 828 1282 899 ratio

257 945 412 1027 dicendi,
451 946 625 1038 praecipua
661 945 741 1015 inde
782 946 978 1030 Callimachi
1022 945 1104 1015 artis
1151 929 1282 1015 secreta
1342 998 1345 1001 -

209 1093 211 1097 ·
258 1043 514 1156 deprehendere
531 1084 729 1156 possumus.
786 1099 790 1110 ‹
1213 1039 1224 1068 ⁰

307 1273 515 1369 lllagnopere
540 1276 643 1346 etiam
666 1276 709 1345 ad
732 1265 808 1346 eam
837 1276 1068 1366 cognitionem
1100 1257 1283 1369 profuisset

150 1481 152 1485 Ι
258 1390 386 1476 Hecale,
408 1416 487 1487 quae
499 1394 676 1465 heroicum
692 1393 846 1487 idyllium
862 1396 968 1464 fuisse
989 1394 1140 1477 videtur,
1158 1396 1192 1465 in
1212 1419 1282 1490 quo

258 1511 417 1607 narrabat
431 1520 527 1581 vates
544 1513 718 1606 quomodo
734 1503 908 1593 Theseae,
926 1534 1004 1584 curn
1031 1519 1148 1583 contra
1165 1514 1281 1585 Mara-

168 1654 170 1658 ’
259 1630 414 1701 thunium
435 1631 570 1700 taurum
599 1629 833 1700 decertaturus
854 1628 1137 1723 proficisceretur,
1156 1631 1200 1702 ab
1215 1655 1284 1703 anu

257 1746 428 1842 quadam,
459 1746 598 1818 nomine
622 1747 766 1829 Hecale,
787 1747 936 1840 hospitio
964 1757 1129 1840 exceptus
1146 1749 1287 1820 fuisset..

201 1851 220 1906 A
259 1863 332 1933 Hoc
359 1885 519 1946 carmen,
560 1862 653 1957 quod
691 1854 945 1935 Naeclrius'ex·
969 1866 1169 1957 fragmentis
1199 1869 1282 1937 satis

257 1961 399 2051 feliciter
436 1981 634 2071 recolligere
659 1975 808 2052 'tentavit
828 1982 900 2078 (ἓ),
922 1976 1114 2079 saepissime
1145 1993 1280 2056 veteres

260 2096 504 2179 laudaverunt,
533 2104 567 2165 et
596 2095 696 2166 valde
711 2159 712 2162 ,
730 2098 944 2172 mirabantur
980 2126 987 2169 :
1025 2123 1159 2172 summa
1190 2103 1281 2173 enim

259 2214 427 2304 elegantia
458 2213 627 2284 sermonis
659 2221 694 2282 et
726 2214 982 2289 absolutissima
1014 2228 1086 2313 arte
1118 2220 1281 2312 scriptum

261 2337 346 2403 erat.
390 2310 477 2404 Illud
514 2330 715 2420 Crinagoras
751 2354 869 2430 poem
909 2348 1081 2409 tornatum
1115 2347 1215 2409 vocat
1247 2339 1282 2410 in

260 2439 527 2541 epigrammate,
549 2447 643 2558 quod
661 2457 776 2519 exstat
796 2451 831 2519 in
846 2453 1071 2546 Anthologia,
1094 2454 1152 2524 lib.
1170 2457 1184 2524 l
1204 2481 1211 2524 ε

365 2655 537 2740 Καλλιμάχου
550 2670 580 2722 τὸ
596 2671 717 2744 τορευτὸν
732 2667 796 2732 ἔπος
811 2667 858 2724 τόδ

258 2861 351 2957 Idem
382 2885 469 2956 opus
506 2864 648 2956 perutile
681 2872 772 2934 esset
805 2863 849 2933 ad
879 2858 1101 2954 judicandum
1121 2884 1281 2959 quaenam

263 2978 383 3067 fuisset
408 2979 601 3052 Callimachi
630 2983 683 3052 vis
715 2982 1001 3068 inj'inventione.
1033 2981 1158 3067 Ferunt
1188 2981 1283 3051 enim

264 3099 411 3168 Hecalen
434 3099 518 3184 satis
533 3101 669 3190 longam
699 3099 823 3179 fuisse,
845 3098 971 3192 quippe
992 3120 1071 3193 quae
1091 3098 1281 3191 composita

261 3216 362 3285 fuerit
378 3215 422 3286 ad
438 3216 635 3287 refutandas
653 3217 871 3287 inimicorum
889 3217 1078 3287 calumnias
1095 3272 1102 3298 ‚
1128 3216 1188 3310 qui
1204 3215 1282 3286 'Cal-

173 3328 199 3373 7
261 3335 444 3406 limachum
496 3336 748 3407 contendebant
801 3346 900 3407 vasto
956 3338 1052 3429 operi
1110 3337 1279 3430 imparem

301 3600 340 3683 (l)
363 3603 476 3683 Hymni
505 3604 537 3663 in
561 3603 669 3664 Delum
701 3612 732 3664 et
759 3605 791 3663 in
820 3604 980 3691 Cererem,
1006 3611 1153 3683 regnante
1176 3603 1281 3664 Phila-

262 3701 391 3783 delpho,
417 3702 558 3783 Hymnus
570 3703 603 3763 in
625 3701 815 3781 Apollinem,
843 3710 990 3783 regnante
1009 3704 1178 3783 Euergeta‚
1198 3711 1281 3764 certe
1316 3779 1319 3784 ,

268 3799 344 3868 editi
360 3809 449 3880 sunt,
472 3808 551 3863 teste
569 3801 619 3860 vel
641 3802 707 3882 ipso
723 3809 863 3882 auctore,
879 3802 929 3861 vel
942 3809 1046 3862 vetere
1061 3802 1235 3864 scholiasta.

238 3918 461 4001 is,4.„12)Nae0k0
477 3969 484 4000 ‚
506 3919 683 3983 Callimachi
699 3920 821 3998 Hecale,
834 3923 967 4001 Manae,
985 3922 1074 3985 l8l5.
