2942 4709
606 200 828 328 -ar-‘

192 355 290 489 sunl,
326 401 460 502 Elegia,
502 402 629 501 Hymni
663 417 767 520 atque
807 404 954 481 Hecale.>
978 410 1040 480 His
1077 431 1214 504 quoque

192 519 442 620 Epigrammata
462 524 632 616 subjicere
650 524 762 598 decet.

606 814 652 889 Dc
670 814 820 932 Elegio,
886 825 889 834 ’

239 1106 305 1189 Qui
316 1127 437 1177 omnes
449 1105 548 1176 dotes
562 1105 767 1189 Callimacho
779 1104 969 1195 abnegant,
987 1112 1079 1175 certe
1094 1105 1214 1196 elegiae

188 1224 337 1315 palmam
353 1223 386 1306 ei
399 1223 569 1313 abnegare
585 1245 654 1293 non
670 1230 834 1315 possunt,
856 1223 954 1316 quin.
965 1231 1085 1293 contra
1108 1223 1212 1293 totius

188 1342 399 1437 antiquitatis
433 1343 636 1414 sententiam
666 1351 870 1435 repugnent.
901 1344 972 1439 Ille·
993 1343 1084 1413 enim
1117 1345 1211 1413 solus

190 1460 302 1530 aetatis
321 1481 395 1532 suae
411 1460 445 1529 in
475 1459 631 1531 ordinem
649 1458 693 1529 ab
716 1459 946 1551 Aristophane
963 1466 998 1529 et
1014 1458 1213 1530 Aristarcho

188 1576 305 1647 datum
332 1578 421 1648 inter
444 1576 565 1666 elegiae
594 1576 779 1666 magistros
805 1571 927 1645 uenit:
955 1576 1049 1671 quod
1075 1576 1214 1671 quidem

186 1694 421 1766 testimonium
448 1694 570 1789 'quanti
598 1694 761 1787 ponderis
793 1694 838 1764 sit
867 1716 970 1764 nemo
1001 1716 1070 1764 non
1100 1694 1207 1764 videl.

184 1813 340 1907 Namque
377 1821 495 1906 aperte
531 1812 680 1884 declarat
714 1820 842 1915 quanto
880 1812 915 1881 in
953 1814 1083 1913 honore
1119 1813 1210 1905 apud

188 1932 440 2003 Alexandrinos
486 1932 670 2003 haberetur
713 1931 957 2013 CallimachuS,
1004 1940 1083 2001 eum
1139 1933 1213 2024 ipse

191 2048 408 2132 Theocritus,
431 2048 574 2142 aequalis
600 2046 746 2138 ejus,.in
768 2048 927 2118 eumdem
955 2047 1112 2117 ordinem
1142 2069 1211 2117 non

188 2166 409 2259 reciperetur.
428 2166 524 2235 lllulti
548 2166 651 2236 etiam
680 2187 726 2235 ex
750 2147 925 2236 veteribus
941 2165 1074 2258 priores
1088 2165 1209 2255 elegiae

186 2290 301 2375 partes
328 2281 360 2352 ei
383 2280 554 2364 tribuunt,
577 2303 725 2376 eumque
742 2280 901 2352 videntur
916 2282 1119 2352 Mimnermo
1144 2281 1210 2374 ipsi

189 2399 397 2493 praetulisse.
416 2399 472 2469 Ait
491 2399 584 2469 enim
598 2399 844 2482 Quintilianus,
863 2421 905 2470 eo
923 2401 998 2470 loeo
1015 2421 1118 2493 quem
1138 2400 1211 2488 J'am

186 2518 220 2587 in
233 2516 467 2601 testimonium
485 2517 660 2587 attulimus
680 2542 689 2586 ι
711 2543 728 2583 «
750 2517 843 2586 Tunc
864 2522 898 2584 et
915 2516 1060 2605 elegiam
1077 2516 1213 2586 vacabit

187 2636 221 2703 in
254 2656 376 2706 manus
393 2656 564 2717 sumere,
601 2636 700 2725 cujus
730 2635 889 2727 princeps
928 2633 1073 2704 habetur
1104 2634 1210 2704 Calli-

186 2751 382 2823 machus».
402 2751 476 2821 Hoc
504 2758 619 2822 autem
637 2750 780 2821 verbum
801 2748 936 2822 hebetur
957 2731 1047 2821 satis
1061 2751 1210 2821 ostendit

185 2893 254 2942 non
273 2871 446 2964 propriam
469 2871 694 2964 opinionem,
715 2870 777 2940 sed
801 2871 915 2964 potius
936 2871 1091 2940 omnium
1114 2871 1210 2940 criti-

150 3025 154 3026 *
184 3010 321 3071 corum,
361 2998 433 3058 tum
463 2991 680 3071 Graecerum,
715 2997 787 3058 tum
818 2989 1070 3066 Romanorum,
1108 3010 1210 3058 eom-

185 3128 323 3176 munem
340 3127 360 3176 a
375 3106 494 3177 Latino
511 3108 652 3180 rhetore
662 3106 820 3199 proferri.

236 3225 347 3294 Pauca
359 3224 542 3317 Supersunt
557 3207 752 3314 Elegiarum
767 3224 977 3313 fragmenta3
997 3222 1076 3304 sed,
1094 3244 1139 3292 ex
1154 3222 1207 3291 his

185 3361 264 3434 quae
279 3340 467 3424 habemuS,
485 3349 587 3435 atque
607 3363 652 3410 ex
664 3340 838 3411 veteribus
855 3340 1078 3420 testimoniis,
1103 3340 1208 3429 conji-

185 3480 263 3528 cere
280 3458 358 3529 licet
369 3481 428 3530 eas
443 3481 513 3529 non
530 3467 598 3529 tam
612 3459 757 3552 simplici
770 3465 804 3529 et
821 3458 966 3528 naturali
982 3441 1206 3550 personarum

72 3587 76 3592 ’
183 3578 436 3672 affectuumque
452 3577 711 3659 adumbratione
726 3601 830 3674 quam
849 3567 1093 3656 sententiarum
1106 3576 1206 3647 docta

184 3695 380 3766 curiositate
404 3696 509 3766 luisse
531 3696 843 3776 commendabileS,
862 3704 1068 3788 poetamque
1090 3695 1202 3788 ipsum

145 3848 148 3852 ·
182 3811 305 3882 Ovidio
323 3821 359 3883 et
388 3812 563 3905 Propertio
585 3834 689 3907 quam
711 3812 843 3882 Tibullo
875 3812 1073 3882 similiorem
1102 3833 1205 3904 posse
1327 3815 1330 3821 '
1379 3820 1383 3825 “

177 3929 336 4019 judicari.
370 3932 474 4000 lnter'
502 3931 722 4001 celeberrima
764 3930 866 4020 hujus
900 3930 997 3998 metri
1034 3929 1203 4022 poematia
