2942 4709
581 245 864 377 ξω»

432 579 477 656 Dc
493 582 620 681 scriptis
634 583 673 656 in
686 604 786 681 prosc
800 583 962 659 oratione.

235 844 341 915 llulta
376 853 412 930 et
446 844 542 916 varia
579 852 675 915 erant
709 866 788 939 quae
827 843 1052 915 Callimachus
1092 844 1213 916 solutis
1278 894 1281 898 »
1337 870 1339 872 “

188 962 340 1034 numeris
358 961 552 1056 scripserat.
574 963 696 1033 Omnia
719 969 835 1032 autem
855 971 989 1054 tempus
1006 960 1209 1055 absumpsit.
1244 1031 1247 1035 .

110 1104 111 1107 ¹
237 1079 387 1150 Primum
406 1079 449 1149 de
468 1081 588 1166 Museo
607 1078 682 1172 ipso
695 1078 819 1167 librum
838 1087 1096 1171 composuerat,
1113 1078 1213 1150 valde

188 1187 466 1268 desiderandum.
485 1177 637 1278 Deinde,
656 1204 822 1290 quantum
838 1195 965 1266 laboris
981 1196 1016 1265 in
1032 1217 1215 1287 recognos-

187 1310 295 1386 cenda
323 1315 532 1404 Bibliotheca
559 1299 834 1406 consumpserit,
855 1314 927 1404 jam
954 1313 1128 1384 novimus.
1152 1312 1214 1384 ln-

185 1437 324 1520 gentem
339 1439 452 1501 autem
467 1429 581 1524 operis
596 1431 720 1499 molem
738 1431 908 1522 suscepit,
930 1428 1058 1499 scilicet
1075 1423 1214 1504 Tabulas

190 1548 358 1643 quasdam
374 1546 527 1620 omnium
546 1544 586 1618 io
602 1543 695 1618 omni·
715 1568 829 1643 ponere
844 1557 1020 1617 unctorum
1047 1567 1086 1617 cc
1113 1542 1214 1618 oclu-

188 1665 339 1750 minum,
367 1689 447 1763 qnae
477 1675 615 1737 centurn
648 1672 682 1736 et
715 1656 837 1756 viginti
869 1664 976 1735 libros
1005 1666 1212 1758 complecte-

185 1783 310 1853 bantur
330 1782 398 1878 (1).
419 1782 590 1867 Quidnam
613 1782 697 1874 illud
720 1783 883 1875 scriptum
899 1764 1000 1852 fuerit
1018 1804 1087 1852 non
1109 1782 1209 1875 plane

188 1901 406 1971 manifestum
424 1907 489 1970 est.
510 1899 576 1970 Sed
588 1899 734 1969 libenter
746 1895 922 1969 crederem
938 1906 1074 1969 vastum
1085 1895 1214 1993 ¹quem-

186 2018 266 2088 dam
313 2017 460 2088 indicem
509 2019 613 2088 luisse
652 2017 817 2087 librorum
863 2016 1103 2098 Bibliothecae,
1154 2018 1211 2112 qui

103 2149 109 2162 ·
186 2134 325 2204 nomina
356 2134 560 2226 scriptorum
589 2155 666 2203 cum
698 2133 783 2225 ipsis
806 2133 969 2226 operibus
992 2133 1028 2202 in
1053 2133 1208 2204 ordinem

186 2248 319 2342 digesta
352 2250 561 2321 continebat.
585 2249 670 2319 Haec
693 2250 849 2319 recensio
877 2249 919 2319 .in
950 2251 1065 2343 plures
1096 2257 1210 2343 partes

186 2359 374 2442 secundum
395 2392 521 2461 genera
539 2368 774 2450 dividebatur;
793 2391 874 2440 nam
894 2370 1051 2441 laudatur
1075 2393 1095 2440 a
1115 2380 1212 2441 vete·
1242 2367 1243 2370 ’

184 2490 279 2562 ribus
302 2487 425 2562 Tubulo
455 2488 622 2562 rhetorum
651 2512 692 2561 ac
719 2485 842 2561 Tubulo
859 2512 975 2562 coru-m
995 2488 1053 2585 qui
1083 2486 1213 2588 scholas

187 2608 379 2698 document.
403 2612 491 2695 Quae
505 2631 588 2680 vern
603 2632 720 2680 earum
747 2597 937 2682 tabularum
965 2609 1150 2680 similitudo
1168 2610 1212 2683 sit

188 2725 266 2798 cum
283 2728 337 2799 his
349 2728 455 2799 titulis
463 2749 550 2822 quos
567 2727 802 2798 aCallimachn
820 2726 1054 2819 voluminibus
1070 2728 1213 2819 inscrip-

185 2853 239 2914 tos
260 2845 363 2914 refert
372 2844 544 2915 Ritschelii
559 2844 729 2924 scholion,
748 2844 877 2913 nemini
897 2866 967 2913 non
986 2844 1206 2937 perspicuum

187 2971 252 3032 est.
273 2962 401 3032 Forsan
426 2970 459 3032 et
484 2963 552 3033 duo
574 2963 630 3032 illa
660 2962 799 3032 nomina
819 2954 928 3031 unum
955 2970 989 3032 et
1011 2961 1101 3031 idem
1121 2983 1209 3054 opus

185 3077 380 3169 designant.
399 3080 554 3173 Namque
580 3080 614 3147 in
632 3080 823 3169 fragmento
842 3079 961 3149 Gracco
978 3079 1020 3149 de
1040 3063 1207 3150 comoedia

184 3196 277 3290 quod
312 3195 418 3268 edidit
440 3197 637 3278 Cramerus,
664 3195 825 3291 quodque
850 3197 893 3267 ab
922 3198 1041 3268 eadem
1073 3198 1208 3289 origine⁸

184 3335 225 3383 ac
242 3313 434 3384 Plautinum
460 3313 616 3384 scholion
638 3313 828 3405 proiectum
855 3313 1003 3394 videtur,
1027 3313 1112 3383 tituli
1140 3313 1205 3406 ipsi

184 3430 395 3501 voluminum
422 3439 589 3507 vocantur
612 3454 717 3511 πίνακες
744 3427 812 3522 (2).
839 3429 877 3499 ld
895 3430 998 3519 igitur
1015 3429 1207 3500 bibliothe-¹

222 3695 260 3779 (l)
271 3704 381 3763 Πίνακες
390 3704 472 3755 conia
485 3702 558 3776 πάσῃ
571 3698 677 3774 παιδείᾳ
690 3698 893 3776 διαλαμψάντων
908 3703 952 3754 καὶ
963 3698 996 3754 ὧν
1011 3700 1176 3775 συνέγραψαν
1190 3741 1197 3765 ,

185 3802 209 3854 ἐν
226 3799 332 3874 fictilium
348 3790 383 3874 uf
397 3801 441 3853 καί
452 3821 467 3875 p
479 3790 494 3865 '‚
515 3794 663 3876 (Suldas,
682 3795 715 3856 io
730 3793 864 3874 Gallim.)
1192 3807 1195 3811 ’

224 3891 266 3975 (2)⁴
288 3878 323 3955 ἆυ
347 3887 412 3959 τοὺςΙ
437 3900 553 3959 πίνακας
574 3894 682 3973 ὕστερον
715 3899 886 3973 Καλλίμαχος
909 3896 1049 3973 ἐγράψατο.
1076 3889 1203 3974 [Scholia

185 3991 342 4070 Aristoph.
359 3988 417 4072 (ed.
433 3988 544 4071 nidor),
565 3991 681 4069 Prolcg.
700 3992 750 4071 lX,
769 3989 814 4070 a).
