2942 4709
523 637 692 713 deradito
712 637 891 738 Apollonii.

246 871 407 943 Attamen
430 871 465 942 id
486 872 691 953 dissidium,
711 872 799 942 sicut
819 894 941 943 omnes
958 839 1121 943 bumanae
1136 888 1214 953 res,

198 987 302 1059 finem
320 989 451 1059 habuit.
470 990 629 1080 Magnam
646 991 773 1060 famam
787 990 878 1083 apud
892 990 1040 1060 Rhodios
1054 990 1217 1082 adeptum

198 1114 387 1198 emendato
396 1121 570 1207 poemate,
595 1114 841 1214 Alexandriam
857 1129 1017 1202 reversus
1038 1125 1091 1182 est
1109 1113 1222 1205 Apol-

197 1230 326 1313 lenius,
347 1239 382 1301 et
403 1253 529 1321 magno
547 1229 848 1336 lavoraexoeptus
867 1229 1003 1300 dicitur.
1024 1230 1217 1310 Maximus,

201 1347 327 1439 quibus
345 1347 540 1438 gaudebant
561 1347 663 1437 hujus
681 1344 846 1441 te'rnporis
864 1346 975 1428 docti,
991 1347 1140 1416 honores
1157 1346 1222 1416 ob»

200 1464 300 1533 tinuit
317 1489 324 1543 ;
342 1487 466 1558 nempe
481 1466 516 1534 in
532 1466 690 1535 Museum
705 1465 890 1547 admissus
909 1472 943 1533 et
957 1470 1077 1557 postea
1090 1463 1222 1533 Biblio-

199 1581 309 1651 tbeoae
328 1583 533 1674 praepositus
552 1583 627 1652 fuit.
645 1583 749 1654 Addit
765 1604 854 1653 unus
873 1604 892 1652 e
910 1579 1133 1675 scriptoribus
1149 1583 1223 1671 ejus

199 1699 282 1769 vitae
298 1722 377 1769 eum
409 1699 445 1768 in
474 1700 597 1770 eedem
625 1710 728 1795 atque
744 1700 984 1771 Callimachum
1002 1700 1131 1769 tumulo
1146 1721 1223 1770 esse

201 1817 385 1909 sepultum.
404 1817 455 1886 De
471 1817 535 1887 hac
550 1819 735 1911 sepulturae
753 1816 993 1887 communione
1007 1816 1105 1886 multi
1122 1815 1219 1886 dubi-

203 1939 382 2013 taverunt;
403 1953 483 2026 quae
500 1933 542 2002 iis
556 1942 635 2026 post
651 1941 721 2003 tam
740 1933 907 2003 famosam
926 1931 1137 2001 inimicitiam
1157 1953 1223 2024 pa-

200 2074 276 2122 mm
288 2051 484 2123 verisimilis
498 2052 634 2123 videtur
648 2051 717 2146 (1).
731 2053 805 2142 Ego
819 2072 902 2122 vere
918 2073 991 2121 rem
1006 2031 1223 2141 nonmagno·

201 2190 283 2260 pere
302 2169 419 2239 mirer.
438 2169 559 2240 Nonne
577 2168 668 2239 enim
681 2168 757 2239 fieri
774 2168 884 2261 potuit
903 2175 945 2236 ut·
958 2167 1068 2237 Musei
1084 2167 1219 2248 inc‘olae,

209 2286 330 2356 saltem
352 2307 471 2356 eorum
490 2276 700 2357 celeberrimi
721 2341 729 2368 ‚
750 2285 785 2355 in
802 2284 946 2378 publicis
968 2285 1105 2355 tumulis
1122 2305 1224 2377 sepe·
1271 2355 1276 2365 ,

198 2402 363 2473 litentur‘l
394 2404 469 2474 Mos
493 2413 566 2474 erat
588 2405 770 2498 AEgyptius
801 2404 837 2472 in
861 2401 1000 2473 easdem
1031 2403 1223 2495 sepulturas
1344 2493 1346 2496 v

202 2541 322 2609 regeS,
346 2519 541 2591 sacerdotes
556 2577 564 2602 ,
583 2521 732 2592 illustres
749 2507 888 2616 quoqrio
905 2518 1009 2590 modo
1026 2520 1119 2590 viros
1136 2539 1225 2589 con-

204 2638 362 2708 ducendi.
385 2639 501 2709 Simile
518 2639 647 2734 aliquid
673 2662 694 2709 a
717 2633 915 2710 Ptolemaeis
932 2639 967 2708 in
982 2638 1068 2709 urbe
1079 2660 1140 2709 sua
1156 2661 1225 2731 po-

174 2757 179 2770 '
204 2757 267 2826 tuit
296 2755 449 2838 admitti;
471 2757 519 2828 ita
541 2766 578 2828 ut
611 2779 680 2828 non
713 2779 759 2827 ex
791 2757 955 2828 meditato
978 2757 1142 2844 consilio,
1163 2757 1225 2827 sed

202 2873 317 2965 potius
334 2873 474 2944 honoris
491 2896 614 2958 causa,
638 2874 740 2946 ambo
761 2881 874 2967 poetae
897 2873 931 2942 in
948 2872 1069 2943 eodem
1090 2874 1221 2943 tumulo

74 3026 79 3036 ·
204 2993 333 3063 conditi
350 3001 478 3063 essent.

253 3112 435 3195 Quomodo
452 3121 565 3183 autem
583 3111 778 3201 ingratiam
797 3133 874 3181 cum
893 3110 1135 3181 Alexandrinis
1166 3132 1223 3180 re-

205 3227 305 3297 dierit
337 3230 557 3322 Apollonius
592 3251 638 3298 ex
670 3229 754 3322 ipsis
786 3229 1023 3319 Argonautieis
1055 3228 1225 3318 conjicere

207 3367 404 3438 possumus,
426 3347 616 3417 Secundam
635 3346 748 3427 enim,
770 3368 873 3441 quam
894 3346 1082 3428 habemus
1102 3337 1226 3415 editio·

205 3482 284 3529 nem
303 3461 354 3531 sui
376 3463 541 3555 temporis
569 3462 676 3533 indoli
696 3472 729 3533 et
745 3461 900 3553 judicie,
926 3471 1092 3558 quantum
1115 3462 1225 3553 patie-

203 3579 303 3649 batur
331 3581 458 3673 proprii
478 3582 607 3672 ingenii
633 3591 773 3663 natura,
798 3583 1057 3656 accommodare
1074 3583 1224 3653 voluisse

207 3694 289 3764 mihi
302 3695 450 3767 videtur.
469 3697 561 3767 Licet
578 3697 669 3788 enim
686 3696 827 3789 Homeri
847 3720 981 3792 semper
994 3698 1156 3780 imitator,
1178 3704 1228 3766 ta·

249 3946 286 4029 (l)
301 3948 460 4029 Gerhard‚
480 3950 554 4010 Lect.
569 3948 678 4031 Apoll,
695 3970 724 4029 p.
745 3949 773 4009 7.
