2942 4709
609 256 805 327 ..25-

194 411 352 482 videntur
382 403 549 506 imprimis
573 416 737 487 certiores
763 416 951 487 condendis
968 417 1126 489 versibus
1153 439 1214 489 re-

192 528 290 617 gulas
318 529 526 601 constituere
548 531 717 613 voluisse,
746 541 848 626 atque
869 556 915 603 ex
941 534 1214 626 praecedentibus

192 632 388 722 auctoribus
437 668 616 719 secernere
660 651 801 745 quinam
846 651 1020 733 imitandi,
1076 653 1214 746 quinam

195 761 364 849 fugiendi,
390 763 518 857 quidve
545 766 577 835 in
593 766 643 862 iis
656 766 897 849 emendatum,
917 768 1000 860 quid
1012 769 1214 839 mendosum

193 887 302 958 esset,
333 887 370 955 ut
407 879 569 974 deinceps
606 884 739 975 poetica
768 884 887 954 Graeca
918 886 1043 955 nullius
1073 887 1217 979 privatae
1274 928 1276 931 -

192 996 357 1064 voluntati
376 997 540 1078 serviret,
557 998 618 1067 sed
635 1021 845 1069 consensum
858 999 1034 1071 doctorum
1052 1010 1215 1096 tanquam

79 1098 81 1101 ’
188 1112 245 1199 jus
263 1111 444 1202 acciperet.

241 1228 303 1298 His
322 1228 466 1321 inceptis
483 1232 606 1301 mirum
630 1234 663 1300 in
682 1233 822 1303 modum
846 1234 1004 1305 favebant
1024 1243 1073 1305 tot
1099 1258 1215 1326 gram-

193 1350 326 1420 maticae
343 1344 601 1441 disquisitiones
623 1353 655 1418 in
673 1350 798 1444 quibus
815 1351 1042 1422 versabantur
1060 1354 1213 1423 Alexan-

192 1467 297 1549 drini,
313 1477 415 1562 atque
437 1468 491 1537 illa
514 1468 588 1560 ipsa
604 1469 686 1537 vitae
702 1468 962 1563 studiorumque
987 1470 1214 1542 communitas

189 1606 257 1679 qua
286 1586 320 1655 in
361 1587 479 1654 Museo
505 1584 716 1655 fruebantur.
739 1586 786 1655 Ea
809 1596 924 1656 autem
948 1595 1026 1656 sunt
1042 1587 1215 1680 praecipua
1286 1601 1290 1607 “

190 1703 321 1773 illorum
341 1703 480 1781 merita;
515 1701 557 1771 iis
582 1701 757 1772 laboribus
777 1691 876 1780 wbene
896 1703 938 1780 de
961 1704 1082 1774 litteris
1104 1705 1214 1774 meriti

191 1830 282 1891 sunt.
301 1821 477 1914 Namque,
499 1820 563 1890 etsi
587 1820 696 1890 serius
715 1820 780 1890 boc
802 1821 985 1914 imperium
1005 1823 1208 1903 exercuere,

189 1962 266 2010 cum
282 1941 355 2030 J'am
378 1941 508 2030 Graecae
528 1940 636 2009 Musae
665 1948 902 2020 senescerent,
932 1962 997 2010 nec
1021 1940 1214 2030 gignendus

189 2058 274 2126 alter
290 2057 459 2126 Homerus
481 2062 573 2125 esset
592 2055 650 2149 qui
666 2056 848 2149 praeceptis
866 2056 965 2127 novis
983 2038 1212 2137 imbueretur3

192 2179 311 2246 saltem
332 2157 493 2245 Romanis
514 2174 651 2246 vatibus
668 2174 760 2244 utitis
778 2183 897 2268 postea
911 2176 974 2252 fuit
989 2198 1044 2246 ars
1061 2176 1214 2246 Alexan-

192 2292 302 2364 drina.
320 2293 422 2363 Brevi
441 2292 533 2363 euim
550 2313 676 2371 novam
700 2292 792 2361 illam
810 2300 844 2362 et
860 2293 1048 2363 doctiorem
1071 2293 1213 2364 versifi-

190 2411 291 2481 candi
317 2410 531 2511 disciplinam
552 2431 673 2480 omnes
698 2431 882 2502 accepere;
908 2434 1020 2505 neque
1042 2412 1212 2485 casulum

191 2529 282 2622 apud
301 2531 484 2621 scriptores
515 2529 574 2623 qui
600 2528 635 2596 in
654 2529 805 2621 AEgypto
829 2528 946 2597 sedem
970 2537 1156 2622 posuerant
1179 2530 1215 2598 in
1252 2605 1255 2609 ⁸

190 2650 319 2719 honore
338 2649 420 2729 fuit,
446 2649 507 2719 sed
534 2649 637 2719 etiam
659 2637 751 2742 apud
767 2655 900 2718 ceteros
925 2648 1078 2739 ejusdem
1102 2651 1215 2720 aetatis

191 2766 250 2860 qui
266 2765 303 2835 in
319 2765 396 2835 aliis
411 2764 610 2856 regionibus
630 2764 822 2855 degebant;
843 2766 889 2835 ita
907 2773 944 2835 ut
959 2786 1079 2835 omues
1097 2820 1105 2846 ‚
1125 2786 1216 2858 qua-

191 2886 381 2980 liscumque
397 2882 515 2956 eorum
531 2884 639 2977 patria
652 2885 771 2966 suerit,
793 2885 975 2955 indiscrete
992 2884 1215 2955 Alexandrini

178 3002 461 3084 nominarentur.
487 3001 597 3071 Musei
618 3009 733 3071 tamen
754 3009 867 3094 poetae
888 3002 989 3092 hujus
1009 3002 1091 3071 artis
1117 3001 1216 3070 inve-

191 3123 328 3193 niendae
344 3125 446 3215 atque
463 3121 668 3192 exercendae
685 3122 780 3190 fuere
805 3121 997 3216 principes;
1017 3120 1162 3214 ideoque
1180 3120 1215 3188 in

191 3238 257 3308 illis
276 3239 491 3331 potissimum
507 3236 692 3331 quaerenda
707 3244 771 3308 est.
