2942 4709
610 276 893 347 ...71..·.

138 527 145 536 Ι
190 430 401 519 judicavere.
447 432 648 525 Apollonius
697 443 833 516 tamen,
890 441 1007 527 utpote
1057 436 1216 526 graviora

195 569 337 639 passus,
356 549 550 619 criticorum
569 536 838 622 misericordiam
855 552 990 644 saepius
1001 554 1211 635 commovit;

195 665 340 759 ideoque
366 667 614 738 contenderunt
639 671 803 759 juvenem
827 670 1003 760 egregium
1027 672 1217 741 a'lactiene

193 783 416 855 Callimaehea
448 786 553 857 luisse
587 810 647 879 per
678 788 841 859 invidiam
868 810 1092 882 oppressum,
1124 790 1218 883 quod

196 901 271 998 ejus
286 902 449 992 magister
465 905 628 973 aemulum
645 905 794 975 timeret.

222 1018 311 1109 ligo
359 1041 441 1090 veru
481 1020 627 1092 arbitror
667 1021 849 1092 simultatis
883 1020 1049 1110 originem
1092 1005 1218 1093 nullam

197 1134 297 1205 aliam
316 1136 440 1218 luisse,
456 1158 558 1231 quam
577 1137 668 1231 quod
687 1137 790 1210 ambo
806 1137 977 1208 diversam
998 1138 1165 1207 rationem
1183 1140 1215 1207 in

196 1262 269 1325 arte
313 1255 446 1347 poetica
494 1265 731 1350 sequerentur.
783 1257 921 1327 Similes
963 1258 1217 1329 controversias

195 1372 414 1442 Alexandriae
439 1357 636 1467 frequentes
668 1375 775 1444 fuisse
800 1384 916 1443 monet
945 1373 1058 1465 ipsum
1082 1374 1219 1445 Phliasii

168 1525 170 1528 ·
193 1489 344 1559 Timonis
356 1490 566 1581 epigramma
586 1491 677 1584 quud
690 1490 954 1571 retulimus‚uhi
973 1491 1081 1560 lllusei
1095 1492 1221 1562 incolas

195 1605 327 1677 deridet
360 1607 416 1676 ille
444 1604 515 1678 siae
543 1606 607 1703 lae
631 1603 831 1704 preliantes.
854 1609 1010 1702 Namque
1032 1608 1093 1679 irae
1124 1611 1227 1708 facile

197 1726 231 1795 in
258 1727 349 1797 hune
380 1726 590 1798 eruditorum
618 1735 797 1820 poetarum
829 1745 969 1819 gregem
1000 1729 1218 1821 irrepebant;

198 1869 255 1926 ac,
279 1847 308 1917 si
329 1869 348 1918 a
368 1847 488 1918 Flacco
508 1857 624 1918 eutem
642 1869 741 1942 qenes
762 1870 898 1939 semper
914 1848 1147 1940 existimatum
1166 1858 1219 1920 est
1329 1929 1332 1934 ,

145 1949 147 1952 ’
196 1959 379 2044 irritabile,
416 1963 450 2031 in
480 1963 544 2032 hac
571 1964 764 2055 praesertim
792 1963 877 2035 urbe
900 1986 977 2035 esse
1003 1964 1139 2046 debuit,
1163 1965 1223 2035 uhi

197 2086 362 2173 perpetuo
389 2086 549 2176 contactu
572 2078 712 2148 laederet
728 2100 900 2174 quemque
916 2088 1106 2150 ceterorum
1130 2081 1220 2151 lama

197 2205 231 2268 et
270 2197 466 2268 celebritas.
504 2196 614 2286 Hujus
646 2197 876 2286 igitur-medi
917 2208 1092 2267 certamen
1132 2199 1221 2269 inter

196 2312 414 2406 Apollonium
462 2319 496 2383 et
541 2311 783 2388 Callimachum
825 2321 936 2383 ortum
981 2321 1053 2395 est,
1096 2314 1219 2383 ceteris

202 2430 410 2506 famosius„
989 2526 992 2532 ι

245 2549 494 2620 Celeberrimus
525 2555 579 2618 est
604 2548 800 2619 Callimachi
827 2550 922 2619 locus
947 2548 990 2619 de
1019 2571 1058 2619 ea
1085 2549 1221 2620 dissen-

197 2668 318 2747 sione,
348 2666 383 2734 in
403 2665 539 2757 Hymnu
564 2663 608 2734 ad
630 2662 815 2757 Apoll-(v.
843 2662 931 2744 105,
959 2663 1051 2760 sq),
1077 2665 1138 2735 ubi
1162 2665 1219 2734 ln·
1329 2693 1331 2700 ·

198 2784 326 2855 vidiam
341 2782 439 2873 fingit
457 2789 643 2852 tentantem
657 2780 700 2851 ab
718 2781 795 2874 ipso
809 2780 928 2851 Pheebi
940 2782 1216 2854 benevolentiam

201 2902 418 2976 abalienare:

231 3127 236 3130 *
301 3111 421 3174 lnvidia
436 3111 503 3171 haec
519 3110 624 3176 Phoebi
641 3111 747 3171 furtim
763 3110 928 3172 instillavit
943 3111 976 3170 in
991 3128 1098 3171 aurem
1117 3132 1123 3172 :

303 3234 317 3268 a
342 3214 453 3272 Vatem
469 3227 531 3271 nan
544 3211 649 3288 miror,
673 3210 727 3288 qui
743 3229 805 3270 nen
822 3218 867 3270 tut
883 3209 1019 3271 carmina
1035 3209 1154 3288 fundit,

302 3314 381 3386 Quot
394 3310 506 3371 fluctus
520 3310 618 3369 volvit
634 3310 759 3388 pelagus
776 3331 802 3371 a.
823 3331 837 3366 <r
855 3308 933 3369 Pede
947 3308 1081 3370 Phoebus
1097 3310 1203 3386 inique

300 3409 448 3489 Reppulit
462 3408 644 3468 Invidiam:
665 3428 678 3463 (ι
697 3408 850 3468 Decursus
866 3405 980 3467 labitur
997 3407 1106 3486 ingens

302 3506 454 3568 Fluminis
469 3503 609 3585 Assyrii,
627 3504 726 3582 dixit;
742 3504 797 3566 sed
810 3505 924 3584 saepius
940 3505 1002 3563 imo

302 3604 443 3664 llluviem
460 3602 574 3663 ioedam
591 3602 760 3680 limumque
773 3603 806 3661 in
822 3601 938 3681 gurgite
952 3599 1059 3660 volvit.

302 3706 370 3766 Non
389 3704 499 3782 quovis
515 3704 617 3765 Cereri
630 3711 725 3764 castae
739 3703 777 3763 de
789 3703 872 3764 tonte
886 3701 1039 3761 ministrae

301 3809 382 3868 Dant
395 3814 518 3885 potum3
535 3805 589 3865 sed
602 3813 688 3885 grata
702 3806 805 3865 lerunt
822 3803 969 3863 libamina
983 3850 989 3880 ,
1010 3819 1112 3863 sacras
1126 3848 1133 3877 ,

303 3887 379 3978 Quae
395 3915 522 3966 manant
535 3904 654 3965 modico
668 3924 754 3983 pura·
766 3905 803 3965 de
817 3903 944 3962 llumine
958 3951 964 3979 ,
982 3902 1134 3981 lymphas.
1159 3921 1172 3952 a

305 4006 410 4084 Salve,
433 4023 540 4083 [nugae
553 4003 653 4064 Deus!
675 4011 779 4083 pereat
796 4002 875 4062 nrale
889 4001 982 4061 livida
1001 3999 1122 4080 lingua!
