<?xml version="1.0" encoding="UTF-8"?>
<!DOCTYPE html PUBLIC "-//W3C//DTD XHTML 1.0 Transitional//EN"
    "http://www.w3.org/TR/xhtml1/DTD/xhtml1-transitional.dtd">
<html xmlns="http://www.w3.org/1999/xhtml" xml:lang="en" lang="en">
 <head>
  <title>
</title>
<meta http-equiv="Content-Type" content="text/html;charset=utf-8" />
  <meta name='ocr-system' content='tesseract 3.04.00' />
  <meta name='ocr-capabilities' content='ocr_page ocr_carea ocr_par ocr_line ocrx_word'/>
</head>
<body>
  <div class='ocr_page' id='page_1' title='image "./deartecallimach00thiogoog_0076.png"; bbox 0 0 2942 4709; ppageno 0'>
   <div class='ocr_carea' id='block_1_1' title="bbox 659 241 856 316">
    <p class='ocr_par' dir='ltr' id='par_1_1' title="bbox 659 241 856 316">
     <span class='ocr_line' id='line_1_1' title="bbox 659 241 856 316; baseline -0.005 -17"><span class='ocrx_word' id='word_1_1' title='bbox 659 241 856 316; x_wconf 71' lang='lat'><strong>...72-</strong></span> 
     </span>
    </p>
   </div>
   <div class='ocr_carea' id='block_1_2' title="bbox 251 372 1395 479">
    <p class='ocr_par' dir='ltr' id='par_1_2' title="bbox 251 372 1395 479">
     <span class='ocr_line' id='line_1_2' title="bbox 251 372 1395 479; baseline -0.007 -9"><span class='ocrx_word' id='word_1_2' title='bbox 251 395 456 470; x_wconf 84' lang='lat' dir='ltr'><strong>Scholiastcs</strong></span> <span class='ocrx_word' id='word_1_3' title='bbox 488 397 535 469; x_wconf 89' lang='lat' dir='ltr'><strong>ait</strong></span> <span class='ocrx_word' id='word_1_4' title='bbox 564 398 640 470; x_wconf 84' lang='lat' dir='ltr'><strong>haec</strong></span> <span class='ocrx_word' id='word_1_5' title='bbox 670 380 778 470; x_wconf 87' lang='lat' dir='ltr'><strong>verba</strong></span> <span class='ocrx_word' id='word_1_6' title='bbox 799 399 966 479; x_wconf 86' lang='lat' dir='ltr'><strong>adversus</strong></span> <span class='ocrx_word' id='word_1_7' title='bbox 989 398 1148 469; x_wconf 90' lang='lat' dir='ltr'><strong>inimicos</strong></span> <span class='ocrx_word' id='word_1_8' title='bbox 1171 397 1272 468; x_wconf 83' lang='lat' dir='ltr'><strong>Calli·</strong></span> <span class='ocrx_word' id='word_1_9' title='bbox 1390 372 1395 379; x_wconf 42' lang='lat'><em>⁶</em></span> 
     </span>
    </p>
   </div>
   <div class='ocr_carea' id='block_1_3' title="bbox 189 503 1335 2607">
    <p class='ocr_par' dir='ltr' id='par_1_3' title="bbox 189 503 1335 2607">
     <span class='ocr_line' id='line_1_3' title="bbox 189 503 1274 608; baseline -0.005 -22"><span class='ocrx_word' id='word_1_10' title='bbox 189 535 192 542; x_wconf 83' lang='lat'>·</span> <span class='ocrx_word' id='word_1_11' title='bbox 251 515 362 588; x_wconf 91' lang='lat' dir='ltr'><strong>machi</strong></span> <span class='ocrx_word' id='word_1_12' title='bbox 380 515 510 584; x_wconf 88' lang='lat' dir='ltr'><strong>intenta</strong></span> <span class='ocrx_word' id='word_1_13' title='bbox 535 503 632 597; x_wconf 88' lang='lat' dir='ltr'><strong>esse,</strong></span> <span class='ocrx_word' id='word_1_14' title='bbox 652 515 713 608; x_wconf 90' lang='lat' dir='ltr'><strong>qui</strong></span> <span class='ocrx_word' id='word_1_15' title='bbox 739 536 819 585; x_wconf 89' lang='lat' dir='ltr'><strong>eum</strong></span> <span class='ocrx_word' id='word_1_16' title='bbox 846 521 1010 608; x_wconf 75' lang='lat' dir='ltr'>tanquam</span> <span class='ocrx_word' id='word_1_17' title='bbox 1036 535 1163 605; x_wconf 77' lang='lat' dir='ltr'><strong>magno</strong></span> <span class='ocrx_word' id='word_1_18' title='bbox 1179 513 1274 606; x_wconf 91' lang='lat' dir='ltr'><strong>operi</strong></span> 
     </span>
     <span class='ocr_line' id='line_1_4' title="bbox 195 620 1274 729; baseline -0.001 -25"><span class='ocrx_word' id='word_1_19' title='bbox 195 620 196 623; x_wconf 23' lang='lat'>¹</span> <span class='ocrx_word' id='word_1_20' title='bbox 249 634 415 729; x_wconf 90' lang='lat' dir='ltr'><strong>imparem</strong></span> <span class='ocrx_word' id='word_1_21' title='bbox 446 633 596 725; x_wconf 80' lang='lat' dir='ltr'><strong>maligno</strong></span> <span class='ocrx_word' id='word_1_22' title='bbox 622 633 724 712; x_wconf 87' lang='lat' dir='ltr'><strong>deute</strong></span> <span class='ocrx_word' id='word_1_23' title='bbox 753 633 950 728; x_wconf 80' lang='lat' dir='ltr'>carpebant.</span> <span class='ocrx_word' id='word_1_24' title='bbox 974 634 1142 717; x_wconf 87' lang='lat' dir='ltr'><strong>Quamvis</strong></span> <span class='ocrx_word' id='word_1_25' title='bbox 1168 633 1274 727; x_wconf 78' lang='lat' dir='ltr'><strong>Apol·</strong></span> 
     </span>
     <span class='ocr_line' id='line_1_5' title="bbox 251 731 1335 844; baseline -0.005 -21"><span class='ocrx_word' id='word_1_26' title='bbox 251 751 362 823; x_wconf 88' lang='lat' dir='ltr'><strong>lanius</strong></span> <span class='ocrx_word' id='word_1_27' title='bbox 375 738 427 822; x_wconf 88' lang='lat' dir='ltr'><strong>ibi</strong></span> <span class='ocrx_word' id='word_1_28' title='bbox 445 774 515 821; x_wconf 91' lang='lat' dir='ltr'><strong>non</strong></span> <span class='ocrx_word' id='word_1_29' title='bbox 530 751 738 833; x_wconf 88' lang='lat' dir='ltr'><strong>nominetur,</strong></span> <span class='ocrx_word' id='word_1_30' title='bbox 760 751 889 822; x_wconf 89' lang='lat' dir='ltr'><strong>nemini</strong></span> <span class='ocrx_word' id='word_1_31' title='bbox 908 731 1053 821; x_wconf 89' lang='lat' dir='ltr'><strong>dubium</strong></span> <span class='ocrx_word' id='word_1_32' title='bbox 1065 772 1143 822; x_wconf 89' lang='lat' dir='ltr'><strong>esse</strong></span> <span class='ocrx_word' id='word_1_33' title='bbox 1164 737 1277 844; x_wconf 87' lang='lat' dir='ltr'><strong>potest</strong></span> <span class='ocrx_word' id='word_1_34' title='bbox 1330 835 1335 844; x_wconf 24' lang='grc' dir='ltr'><strong><em>ι</em></strong></span> 
     </span>
     <span class='ocr_line' id='line_1_6' title="bbox 251 861 1277 964; baseline -0.003 -24"><span class='ocrx_word' id='word_1_35' title='bbox 251 869 334 964; x_wconf 88' lang='lat' dir='ltr'><strong>quin</strong></span> <span class='ocrx_word' id='word_1_36' title='bbox 352 870 395 940; x_wconf 95' lang='lat' dir='ltr'><strong>de</strong></span> <span class='ocrx_word' id='word_1_37' title='bbox 411 871 486 963; x_wconf 91' lang='lat' dir='ltr'><strong>ipso</strong></span> <span class='ocrx_word' id='word_1_38' title='bbox 503 861 624 959; x_wconf 79' lang='lat' dir='ltr'>agatur</span> <span class='ocrx_word' id='word_1_39' title='bbox 638 868 673 937; x_wconf 90' lang='lat' dir='ltr'><strong>in</strong></span> <span class='ocrx_word' id='word_1_40' title='bbox 690 869 759 939; x_wconf 85' lang='lat' dir='ltr'><strong>hoc</strong></span> <span class='ocrx_word' id='word_1_41' title='bbox 783 870 879 951; x_wconf 89' lang='lat' dir='ltr'><strong>loco,</strong></span> <span class='ocrx_word' id='word_1_42' title='bbox 897 869 1025 963; x_wconf 90' lang='lat' dir='ltr'><strong>quippe</strong></span> <span class='ocrx_word' id='word_1_43' title='bbox 1045 869 1104 964; x_wconf 91' lang='lat' dir='ltr'><strong>qui</strong></span> <span class='ocrx_word' id='word_1_44' title='bbox 1121 890 1212 939; x_wconf 91' lang='lat' dir='ltr'><strong>unus</strong></span> <span class='ocrx_word' id='word_1_45' title='bbox 1231 891 1277 938; x_wconf 88' lang='lat' dir='ltr'><strong>ex</strong></span> 
     </span>
     <span class='ocr_line' id='line_1_7' title="bbox 251 986 1317 1080; baseline -0.001 -22"><span class='ocrx_word' id='word_1_46' title='bbox 251 988 397 1059; x_wconf 89' lang='lat' dir='ltr'><strong>inimicis</strong></span> <span class='ocrx_word' id='word_1_47' title='bbox 418 987 534 1058; x_wconf 89' lang='lat' dir='ltr'><strong>Nostri</strong></span> <span class='ocrx_word' id='word_1_48' title='bbox 558 989 699 1078; x_wconf 80' lang='lat' dir='ltr'><strong>longum</strong></span> <span class='ocrx_word' id='word_1_49' title='bbox 715 1000 841 1080; x_wconf 89' lang='lat' dir='ltr'><strong>poema</strong></span> <span class='ocrx_word' id='word_1_50' title='bbox 862 988 1029 1057; x_wconf 78' lang='lat' dir='ltr'><strong>effecerit.</strong></span> <span class='ocrx_word' id='word_1_51' title='bbox 1058 988 1097 1056; x_wconf 94' lang='lat' dir='ltr'><strong>ln</strong></span> <span class='ocrx_word' id='word_1_52' title='bbox 1119 986 1277 1058; x_wconf 88' lang='lat' dir='ltr'><strong>versibus</strong></span> <span class='ocrx_word' id='word_1_53' title='bbox 1313 1021 1317 1024; x_wconf 48' lang='grc'>’</span> 
     </span>
     <span class='ocr_line' id='line_1_8' title="bbox 251 1099 1276 1199; baseline -0.004 -23"><span class='ocrx_word' id='word_1_54' title='bbox 251 1112 366 1176; x_wconf 91' lang='lat' dir='ltr'><strong>autem</strong></span> <span class='ocrx_word' id='word_1_55' title='bbox 378 1099 466 1199; x_wconf 88' lang='lat' dir='ltr'><strong>quos</strong></span> <span class='ocrx_word' id='word_1_56' title='bbox 484 1104 662 1175; x_wconf 79' lang='lat' dir='ltr'><strong>retulimus</strong></span> <span class='ocrx_word' id='word_1_57' title='bbox 676 1105 783 1175; x_wconf 90' lang='lat' dir='ltr'><strong>multa</strong></span> <span class='ocrx_word' id='word_1_58' title='bbox 793 1111 873 1174; x_wconf 89' lang='lat' dir='ltr'><strong>sunt</strong></span> <span class='ocrx_word' id='word_1_59' title='bbox 885 1103 1048 1175; x_wconf 92' lang='lat' dir='ltr'><strong>notanda.</strong></span> <span class='ocrx_word' id='word_1_60' title='bbox 1058 1105 1172 1175; x_wconf 92' lang='lat' dir='ltr'><strong>Primo</strong></span> <span class='ocrx_word' id='word_1_61' title='bbox 1185 1104 1276 1174; x_wconf 89' lang='lat' dir='ltr'><strong>enim</strong></span> 
     </span>
     <span class='ocr_line' id='line_1_9' title="bbox 250 1210 1277 1313; baseline -0.003 -21"><span class='ocrx_word' id='word_1_62' title='bbox 250 1210 475 1292; x_wconf 74' lang='lat' dir='ltr'>Callimachus</span> <span class='ocrx_word' id='word_1_63' title='bbox 506 1219 589 1290; x_wconf 90' lang='lat' dir='ltr'><strong>artis</strong></span> <span class='ocrx_word' id='word_1_64' title='bbox 616 1240 689 1310; x_wconf 87' lang='lat' dir='ltr'><strong>suae</strong></span> <span class='ocrx_word' id='word_1_65' title='bbox 716 1220 885 1296; x_wconf 87' lang='lat' dir='ltr'><strong>rationem</strong></span> <span class='ocrx_word' id='word_1_66' title='bbox 910 1241 1048 1290; x_wconf 90' lang='lat' dir='ltr'><strong>omnem</strong></span> <span class='ocrx_word' id='word_1_67' title='bbox 1076 1228 1193 1313; x_wconf 86' lang='lat' dir='ltr'><strong>aperte</strong></span> <span class='ocrx_word' id='word_1_68' title='bbox 1210 1219 1277 1289; x_wconf 90' lang='lat' dir='ltr'><strong>de-</strong></span> 
     </span>
     <span class='ocr_line' id='line_1_10' title="bbox 252 1329 1278 1432; baseline -0.005 -22"><span class='ocrx_word' id='word_1_69' title='bbox 252 1345 421 1410; x_wconf 88' lang='lat' dir='ltr'><strong>monstrat</strong></span> <span class='ocrx_word' id='word_1_70' title='bbox 452 1363 459 1407; x_wconf 91' lang='lat'>:</span> <span class='ocrx_word' id='word_1_71' title='bbox 501 1341 581 1408; x_wconf 80' lang='lat' dir='ltr'><strong>na&#39;m</strong></span> <span class='ocrx_word' id='word_1_72' title='bbox 615 1329 731 1407; x_wconf 91' lang='lat' dir='ltr'><strong>illimis</strong></span> <span class='ocrx_word' id='word_1_73' title='bbox 765 1338 822 1425; x_wconf 88' lang='lat' dir='ltr'><strong>illa</strong></span> <span class='ocrx_word' id='word_1_74' title='bbox 861 1329 1021 1431; x_wconf 81' lang='lat' dir='ltr'>lympha,</span> <span class='ocrx_word' id='word_1_75' title='bbox 1059 1359 1139 1432; x_wconf 72' lang='lat' dir='ltr'><strong>qaae</strong></span> <span class='ocrx_word' id='word_1_76' title='bbox 1166 1337 1278 1408; x_wconf 89' lang='lat' dir='ltr'><strong>Cereri</strong></span> 
     </span>
     <span class='ocr_line' id='line_1_11' title="bbox 256 1455 1281 1551; baseline -0.002 -24"><span class='ocrx_word' id='word_1_77' title='bbox 256 1458 385 1551; x_wconf 89' lang='lat' dir='ltr'><strong>placet,</strong></span> <span class='ocrx_word' id='word_1_78' title='bbox 407 1455 515 1549; x_wconf 90' lang='lat' dir='ltr'><strong>ipsius</strong></span> <span class='ocrx_word' id='word_1_79' title='bbox 533 1455 649 1549; x_wconf 88' lang='lat' dir='ltr'><strong>poesis</strong></span> <span class='ocrx_word' id='word_1_80' title='bbox 675 1462 748 1537; x_wconf 91' lang='lat' dir='ltr'><strong>est,</strong></span> <span class='ocrx_word' id='word_1_81' title='bbox 778 1476 879 1548; x_wconf 87' lang='lat' dir='ltr'><strong>parce</strong></span> <span class='ocrx_word' id='word_1_82' title='bbox 901 1455 1041 1549; x_wconf 89' lang='lat' dir='ltr'><strong>quidam</strong></span> <span class='ocrx_word' id='word_1_83' title='bbox 1060 1455 1197 1542; x_wconf 85' lang='lat' dir='ltr'><strong>fluens,</strong></span> <span class='ocrx_word' id='word_1_84' title='bbox 1218 1455 1281 1526; x_wconf 81' lang='lat' dir='ltr'><strong>sed</strong></span> 
     </span>
     <span class='ocr_line' id='line_1_12' title="bbox 253 1573 1278 1668; baseline -0.002 -23"><span class='ocrx_word' id='word_1_85' title='bbox 253 1593 334 1668; x_wconf 79' lang='lat' dir='ltr'><strong>quae</strong></span> <span class='ocrx_word' id='word_1_86' title='bbox 353 1573 557 1649; x_wconf 90' lang='lat' dir='ltr'><strong>nitidissima</strong></span> <span class='ocrx_word' id='word_1_87' title='bbox 576 1580 610 1643; x_wconf 87' lang='lat' dir='ltr'><strong>et</strong></span> <span class='ocrx_word' id='word_1_88' title='bbox 635 1574 819 1666; x_wconf 88' lang='lat' dir='ltr'><strong>purissima</strong></span> <span class='ocrx_word' id='word_1_89' title='bbox 833 1573 1119 1644; x_wconf 66' lang='lat' dir='ltr'><strong>existimabatur.</strong></span> <span class='ocrx_word' id='word_1_90' title='bbox 1147 1573 1278 1644; x_wconf 87' lang='lat' dir='ltr'><strong>Deinde</strong></span> 
     </span>
     <span class='ocr_line' id='line_1_13' title="bbox 254 1670 1274 1789; baseline -0.002 -27"><span class='ocrx_word' id='word_1_91' title='bbox 254 1692 426 1762; x_wconf 83' lang='lat' dir='ltr'><strong>diversam</strong></span> <span class='ocrx_word' id='word_1_92' title='bbox 459 1691 693 1785; x_wconf 51' lang='lat' dir='ltr'><strong>¹quorumdam</strong></span> <span class='ocrx_word' id='word_1_93' title='bbox 737 1691 881 1784; x_wconf 89' lang='lat' dir='ltr'><strong>proferri</strong></span> <span class='ocrx_word' id='word_1_94' title='bbox 924 1692 1037 1784; x_wconf 91' lang='lat' dir='ltr'><strong>palam</strong></span> <span class='ocrx_word' id='word_1_95' title='bbox 1076 1670 1274 1789; x_wconf 79' lang='lat' dir='ltr'><strong>opinionem</strong></span> 
     </span>
     <span class='ocr_line' id='line_1_14' title="bbox 253 1795 1279 1904; baseline -0.004 -23"><span class='ocrx_word' id='word_1_96' title='bbox 253 1810 419 1891; x_wconf 90' lang='lat' dir='ltr'><strong>declarat,</strong></span> <span class='ocrx_word' id='word_1_97' title='bbox 447 1809 524 1904; x_wconf 88' lang='lat' dir='ltr'><strong>qni,</strong></span> <span class='ocrx_word' id='word_1_98' title='bbox 552 1809 677 1902; x_wconf 88' lang='lat' dir='ltr'><strong>spretis</strong></span> <span class='ocrx_word' id='word_1_99' title='bbox 693 1795 796 1877; x_wconf 74' lang='lat' dir='ltr'><strong>noris</strong></span> <span class='ocrx_word' id='word_1_100' title='bbox 819 1807 960 1889; x_wconf 88' lang='lat' dir='ltr'><strong>studiis,</strong></span> <span class='ocrx_word' id='word_1_101' title='bbox 981 1808 1155 1901; x_wconf 74' lang='lat' dir='ltr'><strong>spicarum</strong></span> <span class='ocrx_word' id='word_1_102' title='bbox 1175 1808 1279 1879; x_wconf 89' lang='lat' dir='ltr'><strong>fabu-</strong></span> 
     </span>
     <span class='ocr_line' id='line_1_15' title="bbox 257 1915 1277 2015; baseline -0.001 -20"><span class='ocrx_word' id='word_1_103' title='bbox 257 1927 367 2006; x_wconf 85' lang='lat' dir='ltr'><strong>larum</strong></span> <span class='ocrx_word' id='word_1_104' title='bbox 409 1927 529 2015; x_wconf 84' lang='lat' dir='ltr'><strong>longas</strong></span> <span class='ocrx_word' id='word_1_105' title='bbox 577 1924 810 2005; x_wconf 82' lang='lat' dir='ltr'><strong>narrationes,</strong></span> <span class='ocrx_word' id='word_1_106' title='bbox 847 1919 1062 2014; x_wconf 79' lang='lat' dir='ltr'><strong>negligenter</strong></span> <span class='ocrx_word' id='word_1_107' title='bbox 1088 1915 1277 1995; x_wconf 82' lang='lat' dir='ltr'><strong>interdum</strong></span> 
     </span>
     <span class='ocr_line' id='line_1_16' title="bbox 254 2042 1278 2137; baseline -0.002 -22"><span class='ocrx_word' id='word_1_108' title='bbox 254 2043 422 2137; x_wconf 81' lang='lat' dir='ltr'><strong>scriptae,</strong></span> <span class='ocrx_word' id='word_1_109' title='bbox 445 2043 569 2114; x_wconf 91' lang='lat' dir='ltr'><strong>modici</strong></span> <span class='ocrx_word' id='word_1_110' title='bbox 593 2042 755 2113; x_wconf 83' lang='lat' dir='ltr'><strong>carminis</strong></span> <span class='ocrx_word' id='word_1_111' title='bbox 770 2043 933 2136; x_wconf 79' lang='lat' dir='ltr'><strong>perfectae</strong></span> <span class='ocrx_word' id='word_1_112' title='bbox 951 2044 1139 2133; x_wconf 80' lang='lat' dir='ltr'><strong>elegantiae</strong></span> <span class='ocrx_word' id='word_1_113' title='bbox 1151 2045 1278 2136; x_wconf 81' lang='lat' dir='ltr'><strong>praele-</strong></span> 
     </span>
     <span class='ocr_line' id='line_1_17' title="bbox 232 2158 1275 2250; baseline 0 -21"><span class='ocrx_word' id='word_1_114' title='bbox 232 2159 390 2231; x_wconf 90' lang='lat' dir='ltr'><strong>rehant.</strong></span> <span class='ocrx_word' id='word_1_115' title='bbox 430 2160 539 2250; x_wconf 84' lang='lat' dir='ltr'><strong>Hujus</strong></span> <span class='ocrx_word' id='word_1_116' title='bbox 576 2159 745 2229; x_wconf 88' lang='lat' dir='ltr'><strong>adversus</strong></span> <span class='ocrx_word' id='word_1_117' title='bbox 785 2158 1046 2230; x_wconf 85' lang='lat' dir='ltr'><strong>Callimacheam</strong></span> <span class='ocrx_word' id='word_1_118' title='bbox 1086 2160 1275 2246; x_wconf 81' lang='lat' dir='ltr'><strong>doctrinam</strong></span> 
     </span>
     <span class='ocr_line' id='line_1_18' title="bbox 255 2276 1277 2369; baseline -0.004 -20"><span class='ocrx_word' id='word_1_119' title='bbox 255 2276 451 2349; x_wconf 84' lang='lat' dir='ltr'><strong>rebellionis</strong></span> <span class='ocrx_word' id='word_1_120' title='bbox 487 2276 634 2367; x_wconf 81' lang='lat' dir='ltr'><strong>signifer</strong></span> <span class='ocrx_word' id='word_1_121' title='bbox 683 2277 883 2369; x_wconf 78' lang='lat' dir='ltr'><strong>Apollonius</strong></span> <span class='ocrx_word' id='word_1_122' title='bbox 929 2285 1025 2357; x_wconf 89' lang='lat' dir='ltr'><strong>erat;</strong></span> <span class='ocrx_word' id='word_1_123' title='bbox 1073 2285 1146 2347; x_wconf 92' lang='lat' dir='ltr'><strong>tum</strong></span> <span class='ocrx_word' id='word_1_124' title='bbox 1186 2278 1277 2347; x_wconf 90' lang='lat' dir='ltr'><strong>euim</strong></span> 
     </span>
     <span class='ocr_line' id='line_1_19' title="bbox 252 2376 1275 2489; baseline 0.001 -24"><span class='ocrx_word' id='word_1_125' title='bbox 252 2394 410 2485; x_wconf 78' lang='lat' dir='ltr'><strong>juvcuiS,</strong></span> <span class='ocrx_word' id='word_1_126' title='bbox 434 2401 537 2489; x_wconf 90' lang='lat' dir='ltr'><strong>atque</strong></span> <span class='ocrx_word' id='word_1_127' title='bbox 561 2394 659 2486; x_wconf 81' lang='lat' dir='ltr'><strong>inse</strong></span> <span class='ocrx_word' id='word_1_128' title='bbox 683 2394 813 2489; x_wconf 90' lang='lat' dir='ltr'><strong>aliquid</strong></span> <span class='ocrx_word' id='word_1_129' title='bbox 830 2376 974 2485; x_wconf 32' lang='lat' dir='ltr'><strong>‘ingenii&#39;</strong></span> <span class='ocrx_word' id='word_1_130' title='bbox 994 2416 1072 2465; x_wconf 87' lang='lat' dir='ltr'><strong>esse</strong></span> <span class='ocrx_word' id='word_1_131' title='bbox 1096 2396 1275 2477; x_wconf 90' lang='lat' dir='ltr'><strong>sentiens,</strong></span> 
     </span>
     <span class='ocr_line' id='line_1_20' title="bbox 255 2495 1275 2607; baseline 0 -24"><span class='ocrx_word' id='word_1_132' title='bbox 255 2511 471 2607; x_wconf 88' lang='lat' dir='ltr'><strong>disciplinam·</strong></span> <span class='ocrx_word' id='word_1_133' title='bbox 491 2510 645 2602; x_wconf 79' lang='lat' dir='ltr'><strong>magistri</strong></span> <span class='ocrx_word' id='word_1_134' title='bbox 663 2532 757 2603; x_wconf 79' lang='lat' dir='ltr'><strong>aegre</strong></span> <span class='ocrx_word' id='word_1_135' title='bbox 784 2511 927 2582; x_wconf 81' lang='lat' dir='ltr'><strong>ferebat.</strong></span> <span class='ocrx_word' id='word_1_136' title='bbox 954 2511 1182 2583; x_wconf 85' lang='lat' dir='ltr'><strong>Offendebant</strong></span> <span class='ocrx_word' id='word_1_137' title='bbox 1197 2495 1275 2583; x_wconf 88' lang='lat' dir='ltr'><strong>eum</strong></span> 
     </span>
    </p>
   </div>
   <div class='ocr_carea' id='block_1_4' title="bbox 123 2617 1275 2723">
    <p class='ocr_par' dir='ltr' id='par_1_4' title="bbox 123 2617 1275 2723">
     <span class='ocr_line' id='line_1_21' title="bbox 123 2617 1275 2723; baseline -0.002 -22"><span class='ocrx_word' id='word_1_138' title='bbox 123 2659 148 2694; x_wconf 85' lang='lat'><strong>··</strong></span> <span class='ocrx_word' id='word_1_139' title='bbox 257 2627 347 2703; x_wconf 78' lang='lat' dir='ltr'><strong>lime</strong></span> <span class='ocrx_word' id='word_1_140' title='bbox 362 2626 454 2701; x_wconf 83' lang='lat' dir='ltr'><strong>ledor</strong></span> <span class='ocrx_word' id='word_1_141' title='bbox 471 2638 505 2699; x_wconf 89' lang='lat' dir='ltr'><strong>et</strong></span> <span class='ocrx_word' id='word_1_142' title='bbox 520 2649 630 2701; x_wconf 74' lang='lat' dir='ltr'><strong>mma.</strong></span> <span class='ocrx_word' id='word_1_143' title='bbox 651 2617 776 2700; x_wconf 85' lang='lat' dir='ltr'><strong>Primis</strong></span> <span class='ocrx_word' id='word_1_144' title='bbox 802 2628 1020 2719; x_wconf 82' lang='lat' dir='ltr'><strong>igiturannis</strong></span> <span class='ocrx_word' id='word_1_145' title='bbox 1045 2630 1175 2720; x_wconf 82' lang='lat' dir='ltr'><strong>grande</strong></span> <span class='ocrx_word' id='word_1_146' title='bbox 1191 2651 1275 2723; x_wconf 89' lang='lat' dir='ltr'><strong>epos</strong></span> 
     </span>
    </p>
   </div>
   <div class='ocr_carea' id='block_1_5' title="bbox 136 2743 1279 3544">
    <p class='ocr_par' dir='ltr' id='par_1_5' title="bbox 176 2743 1277 3076">
     <span class='ocr_line' id='line_1_22' title="bbox 256 2743 1277 2841; baseline -0.002 -22"><span class='ocrx_word' id='word_1_147' title='bbox 256 2752 401 2820; x_wconf 87' lang='lat' dir='ltr'><strong>tractare</strong></span> <span class='ocrx_word' id='word_1_148' title='bbox 443 2766 627 2840; x_wconf 82' lang='lat' dir='ltr'><strong>aggressus</strong></span> <span class='ocrx_word' id='word_1_149' title='bbox 676 2753 748 2830; x_wconf 85' lang='lat' dir='ltr'><strong>est,</strong></span> <span class='ocrx_word' id='word_1_150' title='bbox 797 2752 901 2841; x_wconf 85' lang='lat' dir='ltr'><strong>atque</strong></span> <span class='ocrx_word' id='word_1_151' title='bbox 946 2743 1170 2841; x_wconf 75' lang='lat' dir='ltr'><strong>Arponcatica</strong></span> <span class='ocrx_word' id='word_1_152' title='bbox 1216 2768 1277 2817; x_wconf 90' lang='lat' dir='ltr'><strong>sua</strong></span> 
     </span>
     <span class='ocr_line' id='line_1_23' title="bbox 176 2861 1274 2956; baseline 0 -22"><span class='ocrx_word' id='word_1_153' title='bbox 176 2897 178 2904; x_wconf 56' lang='lat'><strong>.</strong></span> <span class='ocrx_word' id='word_1_154' title='bbox 257 2862 457 2935; x_wconf 84' lang='lat' dir='ltr'><strong>adolescens</strong></span> <span class='ocrx_word' id='word_1_155' title='bbox 491 2862 621 2945; x_wconf 91' lang='lat' dir='ltr'><strong>adhuc,</strong></span> <span class='ocrx_word' id='word_1_156' title='bbox 655 2869 694 2933; x_wconf 90' lang='lat' dir='ltr'><strong>ut</strong></span> <span class='ocrx_word' id='word_1_157' title='bbox 725 2861 821 2933; x_wconf 90' lang='lat' dir='ltr'><strong>aiunt</strong></span> <span class='ocrx_word' id='word_1_158' title='bbox 853 2863 928 2953; x_wconf 90' lang='lat' dir='ltr'><strong>ejus</strong></span> <span class='ocrx_word' id='word_1_159' title='bbox 959 2862 1041 2932; x_wconf 89' lang='lat' dir='ltr'><strong>vitae</strong></span> <span class='ocrx_word' id='word_1_160' title='bbox 1071 2862 1274 2956; x_wconf 89' lang='lat' dir='ltr'><strong>scriptores,</strong></span> 
     </span>
     <span class='ocr_line' id='line_1_24' title="bbox 199 2978 677 3076; baseline 0.013 -32"><span class='ocrx_word' id='word_1_161' title='bbox 199 3038 203 3044; x_wconf 83' lang='grc'><em>.</em></span> <span class='ocrx_word' id='word_1_162' title='bbox 259 2981 364 3051; x_wconf 91' lang='lat' dir='ltr'><strong>edidit</strong></span> <span class='ocrx_word' id='word_1_163' title='bbox 383 3003 423 3052; x_wconf 93' lang='lat' dir='ltr'><strong>ac</strong></span> <span class='ocrx_word' id='word_1_164' title='bbox 440 2978 677 3076; x_wconf 82' lang='lat' dir='ltr'><strong>recitavit(1·).</strong></span> 
     </span>
    </p>

    <p class='ocr_par' dir='ltr' id='par_1_6' title="bbox 136 3086 1279 3544">
     <span class='ocr_line' id='line_1_25' title="bbox 282 3086 1276 3198; baseline 0.003 -31"><span class='ocrx_word' id='word_1_165' title='bbox 282 3086 380 3168; x_wconf 51' lang='lat' dir='ltr'><strong>¹Hoc</strong></span> <span class='ocrx_word' id='word_1_166' title='bbox 409 3118 549 3198; x_wconf 82' lang='lat' dir='ltr'><strong>carmen</strong></span> <span class='ocrx_word' id='word_1_167' title='bbox 583 3097 657 3169; x_wconf 88' lang='lat' dir='ltr'><strong>siue</strong></span> <span class='ocrx_word' id='word_1_168' title='bbox 682 3096 787 3169; x_wconf 91' lang='lat' dir='ltr'><strong>dubio</strong></span> <span class='ocrx_word' id='word_1_169' title='bbox 817 3099 892 3189; x_wconf 90' lang='lat' dir='ltr'><strong>jam</strong></span> <span class='ocrx_word' id='word_1_170' title='bbox 926 3107 1045 3169; x_wconf 88' lang='lat' dir='ltr'><strong>notum</strong></span> <span class='ocrx_word' id='word_1_171' title='bbox 1078 3105 1169 3180; x_wconf 87' lang='lat' dir='ltr'><strong>erat,</strong></span> <span class='ocrx_word' id='word_1_172' title='bbox 1199 3120 1276 3170; x_wconf 90' lang='lat' dir='ltr'><strong>cum</strong></span> 
     </span>
     <span class='ocr_line' id='line_1_26' title="bbox 258 3216 1277 3311; baseline -0.002 -24"><span class='ocrx_word' id='word_1_173' title='bbox 258 3216 483 3298; x_wconf 84' lang='lat' dir='ltr'><strong>Callimachus</strong></span> <span class='ocrx_word' id='word_1_174' title='bbox 496 3217 671 3309; x_wconf 82' lang='lat' dir='ltr'><strong>Hymnum</strong></span> <span class='ocrx_word' id='word_1_175' title='bbox 689 3216 732 3288; x_wconf 90' lang='lat' dir='ltr'><strong>ad</strong></span> <span class='ocrx_word' id='word_1_176' title='bbox 750 3217 942 3311; x_wconf 87' lang='lat' dir='ltr'><strong>Apollinem</strong></span> <span class='ocrx_word' id='word_1_177' title='bbox 962 3217 1111 3311; x_wconf 83' lang='lat' dir='ltr'><strong>scripsit.</strong></span> <span class='ocrx_word' id='word_1_178' title='bbox 1127 3218 1181 3288; x_wconf 80' lang='lat' dir='ltr'><strong>Ex</strong></span> <span class='ocrx_word' id='word_1_179' title='bbox 1201 3216 1277 3307; x_wconf 92' lang='lat' dir='ltr'><strong>ejus</strong></span> 
     </span>
     <span class='ocr_line' id='line_1_27' title="bbox 258 3327 1279 3430; baseline -0.001 -26"><span class='ocrx_word' id='word_1_180' title='bbox 258 3335 373 3408; x_wconf 87' lang='lat' dir='ltr'><strong>verbis</strong></span> <span class='ocrx_word' id='word_1_181' title='bbox 392 3343 534 3429; x_wconf 85' lang='lat' dir='ltr'><strong>apparet</strong></span> <span class='ocrx_word' id='word_1_182' title='bbox 558 3335 721 3424; x_wconf 87' lang='lat' dir='ltr'><strong>juvenem</strong></span> <span class='ocrx_word' id='word_1_183' title='bbox 742 3347 915 3410; x_wconf 86' lang='lat' dir='ltr'><strong>auctorem</strong></span> <span class='ocrx_word' id='word_1_184' title='bbox 938 3337 1111 3430; x_wconf 84' lang='lat' dir='ltr'><strong>praecipue</strong></span> <span class='ocrx_word' id='word_1_185' title='bbox 1135 3327 1222 3417; x_wconf 34' lang='lat' dir='ltr'><strong>cura*</strong></span> <span class='ocrx_word' id='word_1_186' title='bbox 1244 3343 1279 3405; x_wconf 90' lang='lat' dir='ltr'><strong>et</strong></span> 
     </span>
     <span class='ocr_line' id='line_1_28' title="bbox 136 3439 1279 3544; baseline -0.001 -23"><span class='ocrx_word' id='word_1_187' title='bbox 136 3531 137 3534; x_wconf 8' lang='grc' dir='ltr'><strong>Ἴ</strong></span> <span class='ocrx_word' id='word_1_188' title='bbox 199 3439 202 3450; x_wconf 74' lang='grc'><strong>’</strong></span> <span class='ocrx_word' id='word_1_189' title='bbox 257 3454 425 3544; x_wconf 81' lang='lat' dir='ltr'><strong>elegantia</strong></span> <span class='ocrx_word' id='word_1_190' title='bbox 444 3454 608 3524; x_wconf 89' lang='lat' dir='ltr'><strong>caruisse.</strong></span> <span class='ocrx_word' id='word_1_191' title='bbox 627 3451 730 3543; x_wconf 83' lang='lat' dir='ltr'><strong>Cujus</strong></span> <span class='ocrx_word' id='word_1_192' title='bbox 758 3454 830 3523; x_wconf 87' lang='lat' dir='ltr'><strong>vitii</strong></span> <span class='ocrx_word' id='word_1_193' title='bbox 841 3476 986 3528; x_wconf 89' lang='lat' dir='ltr'><strong>causam</strong></span> <span class='ocrx_word' id='word_1_194' title='bbox 1006 3453 1112 3524; x_wconf 87' lang='lat' dir='ltr'><strong>fuisse</strong></span> <span class='ocrx_word' id='word_1_195' title='bbox 1128 3473 1279 3543; x_wconf 80' lang='lat' dir='ltr'><strong>auguror</strong></span> 
     </span>
    </p>
   </div>
   <div class='ocr_carea' id='block_1_6' title="bbox 259 3709 1274 4027">
    <p class='ocr_par' dir='ltr' id='par_1_7' title="bbox 259 3709 1274 4027">
     <span class='ocr_line' id='line_1_29' title="bbox 299 3709 1274 3830; baseline -0.007 -21"><span class='ocrx_word' id='word_1_196' title='bbox 299 3746 337 3830; x_wconf 72' lang='lat' dir='ltr'><strong>(f)</strong></span> <span class='ocrx_word' id='word_1_197' title='bbox 354 3758 452 3809; x_wconf 81' lang='grc' dir='ltr'><strong>Τοῦτον</strong></span> <span class='ocrx_word' id='word_1_198' title='bbox 467 3753 565 3827; x_wconf 69' lang='grc' dir='ltr'><strong>λέγεται</strong></span> <span class='ocrx_word' id='word_1_199' title='bbox 577 3750 619 3807; x_wconf 80' lang='grc' dir='ltr'><strong>ἔτι</strong></span> <span class='ocrx_word' id='word_1_200' title='bbox 642 3749 733 3827; x_wconf 71' lang='grc' dir='ltr'>ἕφηὸον</span> <span class='ocrx_word' id='word_1_201' title='bbox 753 3747 817 3807; x_wconf 75' lang='grc' dir='ltr'>ὅντα</span> <span class='ocrx_word' id='word_1_202' title='bbox 833 3709 1012 3817; x_wconf 62' lang='grc' dir='ltr'>ἐπιδείξασθαι</span> <span class='ocrx_word' id='word_1_203' title='bbox 1034 3750 1067 3803; x_wconf 80' lang='grc' dir='ltr'><strong>τὰ</strong></span> <span class='ocrx_word' id='word_1_204' title='bbox 1091 3737 1274 3825; x_wconf 69' lang='grc' dir='ltr'>Α’ργοναυτικά</span> 
     </span>
     <span class='ocr_line' id='line_1_30' title="bbox 260 3842 1270 3928; baseline 0.002 -25"><span class='ocrx_word' id='word_1_205' title='bbox 260 3852 302 3904; x_wconf 86' lang='grc' dir='ltr'><strong>καὶ</strong></span> <span class='ocrx_word' id='word_1_206' title='bbox 314 3852 499 3924; x_wconf 71' lang='grc' dir='ltr'><strong><em>κατεγνῶσθαι.</em></strong></span> <span class='ocrx_word' id='word_1_207' title='bbox 523 3844 683 3928; x_wconf 52' lang='lat' dir='ltr'><strong>(Escripte</strong></span> <span class='ocrx_word' id='word_1_208' title='bbox 710 3848 784 3908; x_wconf 81' lang='lat' dir='ltr'><strong>vitae</strong></span> <span class='ocrx_word' id='word_1_209' title='bbox 804 3844 903 3926; x_wconf 77' lang='lat' dir='ltr'><strong>Apoll.</strong></span> <span class='ocrx_word' id='word_1_210' title='bbox 914 3859 966 3892; x_wconf 74' lang='lat'><strong>&#39;-</strong></span> <span class='ocrx_word' id='word_1_211' title='bbox 979 3842 1199 3928; x_wconf 63' lang='lat' dir='ltr'><strong>Argonautica,</strong></span> <span class='ocrx_word' id='word_1_212' title='bbox 1222 3844 1270 3905; x_wconf 78' lang='lat' dir='ltr'><strong>ed.</strong></span> 
     </span>
     <span class='ocr_line' id='line_1_31' title="bbox 259 3943 521 4027; baseline 0.008 -21"><span class='ocrx_word' id='word_1_213' title='bbox 259 3945 424 4027; x_wconf 86' lang='lat' dir='ltr'><strong>Wcllauer,</strong></span> <span class='ocrx_word' id='word_1_214' title='bbox 444 3954 467 4009; x_wconf 86' lang='lat' dir='ltr'><strong>t.</strong></span> <span class='ocrx_word' id='word_1_215' title='bbox 485 3943 521 4027; x_wconf 84' lang='lat' dir='ltr'><strong>l).</strong></span> 
     </span>
    </p>
   </div>
   <div class='ocr_carea' id='block_1_7' title="bbox 0 0 1482 4708">
    <p class='ocr_par' dir='ltr' id='par_1_8' title="bbox 0 0 1482 4708">
     <span class='ocr_line' id='line_1_32' title="bbox 0 0 1482 4708; baseline 0 0"><span class='ocrx_word' id='word_1_216' title='bbox 0 0 1482 4708; x_wconf 95' lang='lat' dir='ltr'><strong> </strong></span> 
     </span>
    </p>
   </div>
  </div>
 </body>
</html>
