2942 4709
617 239 810 309 ›⁶212-

196 395 244 463 inv
259 396 357 486 pejus
388 394 550 487 delapsos
584 394 819 474 crediderunt,
857 393 950 488 quod
984 401 1054 488 tum
1090 395 1220 465 Graecia

194 510 366 604 publicam
380 512 573 583 libertatem
588 512 762 583 amiserat.
782 512 893 583 Graeei
916 511 1026 592 enim,
1050 521 1088 581 ut
1104 514 1218 593 aiunt,

194 627 360 698 libertatis
390 628 657 710 studiosissimi,
692 651 767 698 eam
797 630 895 724 quasi
922 629 1090 699 nutricem
1119 630 1220 719 inge-

196 746 330 816 niomm
359 748 527 823 habuere;
555 770 623 841 qua
646 747 791 825 amissa,
816 769 943 832 vomnes
972 747 1064 818 vires
1095 733 1218 818 inentis

194 862 395 935 amiserunt.
421 855 495 955 Ego
522 865 610 935 hanc
631 865 828 957 opinionem
853 886 922 935 non
940 864 1081 935 omnino
1101 886 1218 934 veram

60 986 85 1073 J
194 979 353 1051 arbitror.
374 981 604 1061 Fateorenim
628 980 857 1074 eloquentiam
884 980 1040 1050 libertate
1067 980 1132 1060 ali;
1158 981 1219 1049 sed

171 1098 326 1196 ‘poetice
354 1098 475 1168 eodem
505 1100 634 1169 auxilio
661 1121 728 1169 non
757 1107 847 1194 eget.
873 1099 971 1179 lmo,
1002 1098 1035 1167 in
1059 1097 1220 1168 omnibus

193 1200 423 1307 temporibus
458 1217 640 1309 plerosque
674 1199 795 1307 poetas
832 1213 990 1284 videmus
1024 1215 1216 1284 clientelam
1323 1285 1324 1288 ,

193 1353 313 1422 regum
343 1340 377 1402 et
411 1334 600 1426 potentium
634 1339 826 1425 captantes.
867 1332 1027 1402 Nonnulli
1059 1333 1161 1402 etiam
1195 1356 1218 1403 e

193 1450 322 1520 Graeois
348 1450 431 1543 ipsis
466 1444 692 1543 tyrannorum
711 1451 895 1521 amicitiam
926 1450 1071 1521 libertati
1099 1452 1219 1543 patriae

195 1572 417 1661 praetulerunt
444 1596 451 1639 :
480 1572 571 1664 apud
592 1571 778 1642 Hieronem
801 1572 1027 1661 confugerunt
1052 1571 1218 1643 Pindarus

193 1691 227 1754 et
267 1686 471 1779 AEscbylus;
515 1688 605 1779 apud
648 1686 852 1764 Archelaum
896 1686 1089 1779 Euripides.
1141 1690 1218 1757 Meo

191 1813 306 1873 autem
335 1804 484 1895 jndicio,
518 1806 813 1895 degeneraverunt
844 1805 1068 1875 Alexandrini
1098 1814 1214 1887 vateS,

193 1919 286 2013 quod
301 1921 374 2010 jam
399 1903 502 1990 nullae
522 1930 715 2014 poematum
738 1922 857 1991 lormae
886 1929 983 1990 erant
1012 1943 1092 2014 quae
1117 1931 1217 1991 antea

191 2059 261 2107 non
274 2045 446 2119 tractatae,
464 2038 578 2108 nullus
594 2039 749 2130 poeticus
768 2039 843 2107 lons
865 2038 1009 2131 quinon
1028 2038 1217 2108 exhaustus

191 2165 296 2225 esset.
316 2156 421 2248 Epica
437 2157 528 2226 enim
550 2157 702 2226 carmina
726 2156 873 2247 primum
895 2156 1104 2248 composita,
1133 2178 1218 2226 mox

167 2309 169 2312 ·
191 2271 295 2362 lyrica
309 2327 316 2352 ,
332 2272 456 2343 deinde
470 2273 597 2362 tragica
614 2272 813 2366 comicaque
831 2272 865 2341 in
878 2273 990 2341 lucem
1002 2273 1214 2365 prodierunt.

193 2391 274 2461 Post
305 2392 529 2486 Menandrum
560 2393 780 2486 aequalesqne
814 2393 889 2482 ejus
908 2392 991 2467 nihil
1015 2393 1217 2463 intentatum

191 2519 368 2606 supererat
391 2538 397 2580 :
424 2520 538 2604 poetae
561 2514 615 2582 rel
636 2512 750 2604 priora
780 2512 902 2581 imitari
928 2511 1118 2595 debebant,
1139 2514 1212 2593 vel,

192 2628 222 2698 si
252 2629 334 2722 quid
373 2652 500 2699 novum
536 2630 663 2698 vellent
698 2650 875 2721 quaerere,
903 2629 965 2722 'ad
1008 2630 1215 2701 modestiora

192 2770 335 2842 operum
350 2772 477 2840 genera
494 2749 702 2850 descendere
716 2749 944 2839 cogebantur;
962 2727 1108 2844 ideoque
1122 2752 1215 2820 nullo

192 2866 296 2937 modo
311 2866 553 2938 sublimitatem
567 2875 721 2937 ceterum
734 2869 869 2960 assequi
887 2874 1058 2959 poterant.
1073 2868 1211 2959 Itaque,

192 3004 260 3052 non
277 2984 387 3053 solum
402 2982 642 3063 Alexandriae,
663 2982 840 3052 sedetiam
858 2982 892 3050 in
909 2983 1069 3052 universa
1082 2982 1213 3052 Graecia

191 3099 324 3191 poetice
357 3099 391 3167 in
421 3099 520 3191 pejus
545 3098 727 3187 vergebat3
753 3097 898 3167 Athenae
920 3098 1023 3191 ipsae,
1050 3098 1153 3167 etiam
1184 3099 1213 3167 si

191 3217 366 3310 antiquam
382 3238 457 3285 eam
471 3215 662 3285 libertatem
674 3224 954 3307 recuperassent,
970 3215 1211 3286 declinantium

191 3334 379 3408 litterarum
389 3335 512 3418 ruinas
528 3335 692 3404 resarcire
704 3333 952 3427 nequivissent.

238 3450 427 3520 Fatendum
451 3458 566 3519 tamen
595 3449 638 3519 ad
660 3449 808 3520 fovenda
834 3450 1074 3520 mathematica
1100 3450 1214 3542 aptius

191 3566 296 3636 luisse
327 3568 484 3638 Museum
506 3587 618 3659 quam
639 3566 683 3635 ad
710 3566 832 3644 alenda
855 3566 991 3656 ingenia
1010 3574 1209 3658 poetarum.

193 3681 387 3774 Principum
408 3683 499 3752 enim
517 3682 760 3753 commercium
782 3682 943 3775 regiaque
959 3680 1212 3771 magnificentia

189 3811 302 3895 poetae
334 3825 403 3873 non
432 3803 631 3897 displicent,
667 3802 794 3896 quippe
831 3802 877 3871 ibi
909 3823 1046 3895 semper
1074 3809 1211 3894 paratas

185 3915 290 4019 ‘aures
325 3920 471 4002 invenit,
507 3925 690 4022 movetque
720 3920 875 4009 plausus,
907 3940 946 3989 ac
970 3927 1115 4009 ventoso
1145 3916 1210 3987 isto
