2942 4709
697 285 890 354 ’.μμ

287 429 428 505 scholae.
440 435 542 525 Cujus
558 437 738 508 celebritas
753 437 839 507 adeo
856 436 1044 529 pernotuit,
1063 444 1096 505 et
1112 444 1302 507 ceterorum
1403 525 1407 534 1

287 554 518 623 institutorum
538 555 661 624 famam
687 545 997 647 supergressam,
1018 563 1055 624 ut
1076 555 1250 624 exstitisse
1267 578 1308 625 ea

288 672 348 739 vix
361 671 451 741 docti
463 671 564 742 hodie
580 673 701 742 sciant.
717 673 843 742 Ferunt
854 672 983 765 antiqui
1000 672 1203 764 scriptores,
1220 674 1307 743 inter

286 809 375 882 quos
399 787 590 880 praecipuus
608 788 730 859 Strabo
759 787 833 881 (1),
861 790 1017 858 Museum
1046 789 1307 860 Ptolemaeorum

290 906 395 974 fuisse
424 925 585 992 magnum
605 904 790 975 aedificium
811 925 917 998 prope
945 927 965 974 a
992 906 1163 976 domicilio
1188 927 1309 996 regum

287 1044 350 1091 nec
376 1023 478 1111 longe
506 1024 526 1091 a
557 1022 667 1092 littore
697 1022 799 1092 situm
828 1047 834 1090 :
871 1024 983 1094 forsan
1013 1032 1047 1092 et
1072 1023 1179 1115 ipsius
1201 1023 1307 1113 regim

289 1162 369 1235 pars
395 1141 503 1212 videri
531 1142 652 1233 potuit.
684 1143 779 1211 lntus
803 1141 980 1233 dispositae
1002 1150 1098 1212 erant
1118 1142 1231 1223 aedes,
1248 1142 1307 1211 ubi

288 1258 378 1327 docti
399 1257 557 1327 homines
578 1260 680 1348 vulgo
704 1257 924 1339 habitabant,
952 1266 987 1328 et
1015 1258 1174 1330 omnibus
1204 1257 1308 1327 rebus

289 1375 333 1445 ad
357 1376 485 1446 victum
509 1375 711 1448 necessariis
739 1376 874 1468 publice
901 1377 1168 1446 instruebantur.
1192 1376 1307 1446 Habe-

289 1494 371 1563 bant
394 1494 486 1563 enim
511 1495 554 1564 ad
583 1494 871 1565 deambulandum
905 1483 1038 1587 spatia,
1072 1503 1106 1563 et
1138 1495 1306 1586 porticum

289 1608 451 1681 sedilibus
468 1618 639 1691 ornatam,
672 1610 706 1677 in
729 1609 857 1702 quade
882 1609 1042 1679 omnibus
1057 1610 1305 1705 quaestionibus

247 1725 252 1733 '
289 1727 377 1796 inter
402 1749 438 1797 se
461 1727 673 1822 disputarent
698 1752 705 1806 ς
733 1728 768 1796 in
793 1735 890 1797 vasto
913 1730 1090 1799 coenaculo
1107 1729 1221 1798 cibum
1239 1751 1307 1798 nna

290 1847 472 1917 sumebant
500 1871 545 1917 ex
575 1849 696 1918 aerario
724 1856 892 1940 paratum.
920 1849 1048 1918 Praeter
1064 1849 1242 1941 pecuniam
1272 1850 1306 1917 in

289 1965 352 2035 has
376 1987 576 2036 communes
599 1966 774 2059 impensas
802 1975 998 2056 erogatam,
1026 1967 1179 2059 privatus
1205 1968 1307 2038 etiam

291 2093 446 2177 sumptus
462 2085 584 2179 cuique
608 2086 651 2155 ad
682 2085 839 2179 proprios
861 2108 944 2155 usus
970 2086 1215 2157 decernebatur
1232 2086 1305 2181 (2);
1349 2104 1351 2108 ’

289 2204 377 2273 adeo
394 2203 473 2272 illud
489 2203 672 2297 hospitium
698 2203 836 2280 liberale
854 2211 887 2273 et
908 2203 1145 2293 magnifieum,
1168 2228 1207 2275 ac
1226 2228 1307 2277 rere

289 2323 403 2411 regale
419 2321 499 2389 suit!
521 2321 670 2391 Litterati
684 2329 796 2391 autem
815 2321 873 2415 qui
898 2322 932 2389 in
951 2323 1069 2392 Museo
1085 2323 1247 2393 vivebant
1262 2345 1307 2391 ex

288 2439 382 2534 omni
423 2445 519 2530 parte
568 2447 733 2508 terrarum
774 2439 1070 2529 congregabantur
1114 2466 1120 2509 :
1165 2437 1308 2535 ideoque
1418 2523 1420 2528 Α

188 2607 190 2611 ψ
290 2557 510 2626 Philostratus
532 2556 647 2625 rhetor
671 2557 762 2625 illam
787 2556 927 2626 domum
956 2579 1024 2626 non
1055 2557 1227 2628 immerito
1246 2581 1310 2630 vo-

289 2673 380 2743 cavit
397 2694 543 2744 mensum
565 2668 751 2769 AEppptr'om
767 2671 856 2743 ciros
872 2669 1014 2744 illustres
1035 2696 1074 2744 ca
1093 2684 1155 2745 toto
1173 2656 1247 2745 orbe
1267 2673 1311 2744 ud

289 2813 320 2861 se
344 2799 510 2860 uocantem
537 2789 605 2884 (3).
629 2792 788 2859 Attamen
811 2789 904 2859 orbis
930 2790 1059 2883 dequo
1083 2791 1138 2860 ilie
1163 2793 1312 2884 loquitur

291 2909 431 2977 Graecus
447 2907 541 2977 orbis
558 2915 629 2987 est,
653 2930 721 2977 non
747 2906 912 2977 barbarus
932 2930 1061 2977 :nemo
1079 2909 1171 3004 enim
1188 2917 1309 2978 exter-

291 3047 411 3094 narum
434 3027 607 3115 gentium,
631 3048 673 3095 ne
702 3026 884 3118 AEgyptius
910 3026 1066 3120 quidem,
1098 3028 1131 3096 in
1155 3029 1323 3097 Museum.

290 3143 548 3214 admittebatur.
693 3127 695 3133 ⁸
919 3122 921 3126 ¹

339 3261 425 3330 Huic
457 3261 667 3332 eruditorum
703 3262 855 3332 societati
888 3270 1034 3353 praeerat
1066 3263 1242 3343 sacerdos,
1274 3269 1312 3330 ut

291 3385 405 3446 narrat
419 3378 557 3458 Strabo,
578 3379 724 3470 primum
739 3400 759 3447 a
775 3378 968 3448 Ptolemaeis
985 3435 992 3459 ‚
1010 3377 1133 3448 deinde
1146 3379 1189 3448 ab
1208 3379 1312 3470 impe·
1346 3439 1348 3442 ,

293 3494 462 3564 ratoribus
484 3495 644 3565 Romanis
669 3495 741 3564 dux
756 3505 796 3580 yet
826 3505 987 3588 tanquam
1010 3476 1115 3565 blusei
1149 3497 1311 3587 magister

310 3647 372 3785 ’(4)
392 3706 508 3785 strab,
528 3706 648 3787 (impr,
667 3708 767 3785 xvh,
791 3707 823 3766 t'.

334 3803 373 3885 (a)
393 3805 463 3865 Vid.
484 3804 689 3888 Athenaeum,
706 3804 762 3865 lib.
781 3806 837 3884 xl,
852 3814 926 3865 sect.
944 3806 992 3865 85.

337 3899 374 3980 (3)
395 3906 519 3980 Τράπεζα
532 3908 662 3979 Αἰγυπτία
676 3908 846 3984 συγκαλᾳῦσα
856 3910 916 3967 τοὺς
930 3909 954 3959 ἐν
964 3908 1037 3982 πάσῃ
1051 3917 1081 3983 τῇ
1099 3918 1130 3984 γῇ
1148 3910 1304 3983 ἐλλογίμους.

296 3998 466 4078 (Philostr,
492 3999 555 4062 Vite
570 3997 729 4080 dionysii.)
