2942 4709
578 206 831 294 257-

264 383 347 456 Μυχά
359 379 422 459 'pro
434 384 545 456 -μυχοί,
565 394 718 454 cavetote,
734 386 817 440 »ante
846 379 1067 453 Callimachum
1083 396 1237 457 nusquam
1297 410 1299 413 ·

222 476 391 555 reperitur3
415 476 447 536 id
457 482 561 537 autem
582 482 689 553 postea
705 476 875 555 assumpsit
886 477 1051 557 Dionysius
1065 478 1236 558 Periegetes

223 573 270 655 (v.
295 573 373 656 tlt).
647 646 650 652 ⁸
873 636 877 643 .

194 679 198 688 ⁴
264 676 450 745 κατουδαίοιο,
463 672 669 751 subterranei,
686 675 726 736 ab
740 674 871 735 Hesiodo
886 672 981 735 semel
997 675 1131 753 dictum3
1150 694 1236 736 reno

175 851 178 856 Ι
218 779 328 858 ratum
340 779 444 833 autem
458 791 476 833 a
489 772 599 833 Nostro
611 757 771 852 Oppianus
788 779 947 833 mutuatus
959 780 1016 833 est.

261 864 405 952 ἐπωμίδα,
436 887 586 933 sumntum
617 877 735 953 purtem
769 870 901 949 humeri,
925 891 982 953 pro
1009 870 1113 950 ipio:
1143 872 1235 952 hujus

223 973 431 1055 synecdoches
443 981 550 1035 auctor
562 974 726 1053 Euripides
740 973 866 1034 videtur
885 996 891 1034 :

300 1205 302 1212 “
315 1191 447 1260 ‘liuderico
463 1191 582 1252 πέπλους,
591 1191 617 1255 ἐξ
633 1186 716 1265 ἄκρας
729 1175 857 1263 ἶπωμὶδος

830 1282 933 1364 (Hac,
948 1303 977 1344 v.
994 1282 1076 1363 558.)

260 1511 441 1583 Πυρίκμητοι,
465 1500 534 1585 igue
558 1502 740 1579 laborantes,
768 1510 905 1566 creatum
927 1495 975 1564 est
995 1522 1013 1564 a
1031 1501 1232 1581 Callimach03

220 1602 374 1665 Nicander
388 1610 492 1664 autem
510 1603 622 1665 deinde
634 1605 799 1682 usurpavit
815 1602 823 1684 (
838 1603 922 1665 Ther.
927 1649 938 1679 ,
952 1621 983 1664 v.
1001 1599 1080 1682 etl).

232 1705 235 1712 ‘
260 1697 347 1762 Adde
370 1699 478 1762 eodem
500 1702 634 1761 maxime
654 1701 793 1780 poeticas
817 1700 887 1761 illas
907 1705 1031 1760 voces':
1053 1706 1233 1778 θερμαυστραί

217 1804 404 1881 pronepoti,
421 1807 546 1877 ἱαχεῡσι,
561 1799 677 1878 cipeto,
695 1799 809 1880 quibus
823 1799 973 1859 Homerus
990 1816 1065 1859 usus
1081 1804 1165 1876 erat,
1180 1796 1235 1857 sed

195 1912 196 1915 ’
218 1917 289 1978 quae
302 1898 453 1960 imitando
468 1917 529 1959 non
541 1898 683 1978 vulgares
698 1900 788 1959 iactae
804 1906 903 1959 erant.

155 2179 158 2186 '
192 2183 221 2250 ᾗ
267 2173 395 2244 Omnes
413 2151 526 2244 autem
554 2172 701 2264 figuras,
729 2194 850 2243 omnes
866 2171 1070 2263 elegantias,
1096 2153 1234 2241 omnem

181 2272 182 2275 Ἴ
219 2290 452 2362 faciendorum
480 2271 642 2360 versuum
673 2288 916 2383 supellectilem
949 2290 1033 2360 scite
1063 2288 1235 2359 distribuit

218 2407 461 2490 Callimachus
491 2415 594 2502 atque
616 2430 662 2477 ex
683 2407 851 2477 industria
875 2407 1002 2489 variat,
1031 2423 1077 2477 ne'
1096 2428 1234 2476 eorum-

216 2526 294 2598 dem
308 2535 586 2611 ornamentorum
603 2527 813 2621 frequentior
824 2548 909 2597 usus
923 2519 1098 2621 fastidium
1111 2525 1233 2618 pariat.

214 2644 311 2716 Nunc
330 2644 421 2716 enim
442 2643 579 2714 concisa
601 2643 676 2734 ejus
695 2643 825 2724 oratio,
842 2663 933 2711 nunc
948 2643 1042 2733 large
1060 2628 1234 2735 profluens

215 2769 287 2844 est;
305 2743 539 2840 nunerectam
559 2760 694 2832 dicendi
713 2761 806 2831 viam
828 2741 994 2854 sequitur,
1013 2782 1104 2829 nunc
1123 2759 1234 2828 inter-

216 2879 412 2970 rogationes
461 2886 520 2949 aut
568 2869 838 2949 exclamationes
890 2876 1040 2946 sermoni
1090 2876 1229 2955 inserit;

216 2997 335 3091 quales
353 2987 434 3066 sunt
447 3016 526 3089 quae
542 2995 724 3088 incipiente
744 2996 777 3072 in
796 2993 988 3087 Apollinem
1005 2994 1143 3086 Hymno
1160 3000 1230 3061 tam

217 3133 347 3206 pressae
368 3112 540 3183 videntur.
564 3113 663 3205 Saepe
682 3112 785 3182 etiam
809 3111 987 3182 nominum
1007 3110 1229 3204 repetitione,

215 3225 385 3302 interdum
422 3237 457 3301 et
488 3227 728 3325 onomatopuic
760 3229 860 3300 docte
889 3229 1007 3312 utitur,
1037 3228 1230 3322 praesertim

100 3341 103 3344 ‘
211 3348 348 3434 cumde
365 3347 544 3419 invasione
562 3348 735 3419 Gallorum
754 3346 836 3419 dicit
858 3372 864 3416 :
956 3335 958 3338 ’

549 3624 609 3638 .....
626 3583 670 3636 καὶ
685 3582 799 3656 ἠπείροιο
818 3570 947 3655 φάραγγες

314 3670 592 3761 Α’μφιπεριστείνωνται
608 3725 669 3739 .....
775 3674 826 3757 (ln
839 3674 916 3751 Del„
933 3692 963 3735 v,
984 3668 1066 3750 479..)
1148 3682 1150 3685 ⁴
1214 3685 1217 3692 '

263 3914 307 3985 ,lt
323 3915 436 3996 enim,
456 3914 609 4007 inquies,
632 3912 748 3984 omnia
769 3912 825 3983 illa
846 3910 988 3981 artificia
1015 3909 1049 3978 in
1079 3905 1228 3976 Homero
