2942 4709
646 251 838 335 ..74-

280 415 433 510 Denique
463 419 674 489 enumeratio
705 420 1004 508 Argonautarum,
1030 439 1108 510 quae
1138 426 1191 489 cst
1212 419 1253 488 iu

228 534 339 625 primo
362 534 467 617 libro,
486 536 708 625 Trojanorum
737 535 828 629 apud
857 536 1043 605 Homerum
1065 557 1253 607 enumera-

232 651 359 721 tionem
390 640 608 723 exactissima
642 633 829 723 imitatione
861 653 1039 745 exprimit,
1068 653 1115 722 ita
1141 661 1178 723 ut
1203 677 1248 724 ex

232 767 435 838 centonibus
456 771 646 854 Homericis
663 771 733 866 fere
750 779 908 840 constare
923 769 1092 851 videatur.

279 885 381 968 ¹Quod
414 887 442 956 si
464 888 599 957 veroin
618 887 767 957 secunda
785 888 840 956 illa
859 886 1029 967 editione,
1053 908 1156 980 quam
1175 888 1249 955 ele-

231 1006 422 1104 gantiorem
449 1015 484 1077 et
498 1007 742 1077 Alexandrinae
761 1007 866 1077 indoli
882 1007 992 1096 magis
1008 999 1253 1077 accommoda-

231 1129 300 1190 tam
317 1123 451 1193 efficere
468 1133 611 1195 conatus
631 1134 683 1197 est
698 1126 898 1218 Apollonius
919 1181 926 1206 ,
951 1125 1094 1194 imitatio
1111 1123 1250 1194 Homeri

235 1237 402 1309 interdurn
421 1242 544 1313 vitiosa
562 1243 670 1312 videri
690 1251 827 1334 potest,
846 1244 1031 1318 verisimile
1051 1242 1155 1311 estin
1173 1242 1248 1335 pri-

234 1380 313 1444 ma,
334 1384 436 1454 quam
450 1363 589 1452 juvenis
611 1363 822 1455 publicavit,
848 1363 968 1431 vitium
987 1362 1067 1431 illud
1087 1353 1251 1455 frequen-

234 1478 301 1548 tius
319 1482 419 1551 etiam
438 1484 648 1576 apparuisse.
664 1484 794 1554 Rudem
813 1483 886 1552 sine
902 1483 1006 1553 dubio
1027 1489 1061 1551 et
1077 1482 1249 1575 antiquam

235 1595 340 1667 lonici
355 1600 444 1668 uatis
462 1601 712 1693 simplicitatem
740 1622 852 1670 novus
878 1609 997 1671 auctor
1013 1600 1116 1670 nimis
1133 1608 1260 1670 exacte·

233 1715 427 1806 exprimere
461 1720 632 1798 voluerat3
667 1718 710 1788 ad
739 1718 870 1811 poesim
910 1718 1009 1789 istam
1046 1715 1252 1809 cyclicorum
1305 1737 1307 1739 ·

235 1829 377 1900 nimium
412 1835 575 1915 facilem,
620 1837 744 1927 spretis
780 1834 1025 1904 recentioribus
1062 1832 1248 1925 exemplis,

238 1970 355 2021 rursus
375 1950 484 2021 delabi
503 1952 694 2022 videbatur.
725 1952 825 2035 Quod
845 1951 1002 2045 equidem
1026 1951 1116 2021 clare
1145 1952 1252 2040 signi-

234 2068 329 2139 ficari
361 2071 506 2141 arbitror
537 2094 576 2142 ea
605 2070 762 2152 lutulenti
792 2070 941 2140 lluminis
975 2071 1249 2163 comparatione,

235 2210 302 2285 qua
334 2192 441 2260 utitur
468 2191 704 2262 Callimachus.
734 2191 858 2261 Noster
881 2191 972 2261 enirn
996 2190 1120 2260 talibus
1148 2191 1253 2260 disci-

234 2307 305 2399 puli
337 2307 390 2377 sui
424 2309 517 2378 ausis
551 2308 772 2377 vehementer
803 2306 928 2377 offendi
964 2305 1101 2390 debuit,
1136 2314 1254 2399 utpote

234 2424 457 2495 Alexandrini
482 2425 639 2494 Parnassi
667 2424 739 2493 dux
767 2434 801 2501 et
826 2423 1042 2501 moderator;
1062 2423 1254 2515 praesertim

233 2545 399 2637 cumipse
415 2552 621 2638 carperetur,
640 2555 674 2613 et
686 2545 871 2614 sterilitatis
888 2545 1154 2625 insimularetur,
1171 2544 1250 2637 quia

119 2685 128 2707 ·
238 2662 340 2752 longa
355 2670 515 2755 poemata
532 2649 797 2755 improbaverat.
830 2662 916 2731 Huic
949 2661 1130 2731 calumniae
1152 2660 1255 2749 digne

235 2779 412 2871 respondit
431 2805 437 2847 :
457 2779 581 2872 nempe
601 2757 749 2849 Hecalen
770 2778 980 2872 composuit,
1000 2786 1038 2848 ut
1053 2777 1253 2847 scholiastes

236 2897 357 2975 refert,
393 2896 428 2964 in
452 2895 732 2988 interpretatione
750 2895 905 2985 ejusdem
923 2895 987 2968 loci
1009 2916 1112 2988 quern
1134 2893 1257 2962 retuli-

189 3043 192 3047 ·
237 3034 314 3082 mus
330 3010 399 3105 (1).
422 3013 546 3081 Hecale
559 3010 697 3104 quidem
714 3033 783 3079 non
800 3010 933 3102 epicum
951 3032 1073 3103 poema
1093 3009 1173 3089 luit,
1195 3008 1256 3077 sed

161 3185 163 3190 ,
241 3128 408 3200 modicius
425 3129 595 3223 quoddam
614 3128 871 3221 compositionis
883 3149 1005 3217 genua,
1020 3135 1167 3196 attamen
1178 3125 1259 3194 satis

238 3250 397 3338 longum,
421 3254 458 3316 ut
488 3247 567 3323 inde
593 3245 820 3318 'Callimachus
847 3246 917 3316 vim
943 3245 1138 3314 inveniendi
1161 3265 1256 3314 suam

238 3365 453 3446 ostenderet,
477 3374 510 3434 et
524 3365 697 3458 quomodo
716 3365 812 3458 epica
832 3364 896 3434 sibi
920 3363 1096 3432 tractanda
1111 3356 1187 3431 esse
1203 3361 1257 3427 vi-

233 3482 402 3568 derentur
415 3482 614 3551 declararet.

283 3795 320 3878 (l)
345 3786 408 3857 (ito
430 3799 583 3874 ἠναγκάσθη
611 3804 722 3857 notiora
744 3801 790 3856 τὴν
814 3787 927 3854 dreani:
958 3791 1065 3871 (Hym.
1084 3787 1123 3849 ad
1140 3786 1252 3888 Apoll,

243 3899 308 3961 Sol.
317 3946 326 3976 ,
342 3919 371 3960 v.
394 3891 474 3978 loo.)
