2942 4709
654 288 699 299 ..
728 246 776 316 ga
803 286 849 297 -.

239 403 355 474 Graeca
366 423 390 474 ‚a
409 398 628 494 Philadelpho
643 410 785 472 vocatus
797 409 863 481 est,
878 409 915 470 ut
924 401 1077 474 scholion
1089 401 1261 471 Ritschelii

238 520 340 588 refert
357 516 425 613 (l),
446 517 725 613 provinciamque
741 519 860 588 habuit
882 518 1069 589 comoedias
1088 541 1208 590 omnes
1226 520 1262 589 in

238 660 343 707 unum
370 636 553 727 colligendi
577 627 682 732 'atqu'e
717 638 751 707 in
775 638 932 708 ordinem
948 637 1138 728 redigendi.
1161 639 1261 709 Atta-

240 778 320 825 men
353 776 430 825 cum
453 750 639 827 Gouondru
662 756 854 850 saepissime
883 778 904 825 a
935 755 1108 826 veteribus
1125 756 1260 827 laudata

148 919 151 924 -
239 874 358 951 fuerit,
384 894 460 941 eam
478 872 648 962 conjicere
669 874 748 943 licet
767 893 875 942 unum
897 894 942 943 ex
960 872 1141 966 praecipuis
1157 873 1259 963 hujus

238 987 386 1057 auctoris
401 985 562 1080 operibus
580 987 853 1082 luisse;ideoque
866 988 940 1080 ipse
955 1010 1025 1059 non
1037 989 1148 1058 solum
1155 1008 1261 1058 aemu-

122 1199 123 1203 ,
238 1106 291 1175 lus
310 1104 392 1174 artis
411 1104 666 1187 Callimache'ac,
684 1105 862 1176 sedetiam
885 1127 1013 1198 pravus
1032 1106 1183 1176 imitator
1195 1107 1258 1197 ju·

238 1220 403 1291 dicandus
420 1228 487 1291 cst.

288 1335 371 1405 Cum
389 1336 666 1429 Lycophrcneet
693 1336 875 1428 Apollonio
903 1338 967 1408 soli
988 1360 1033 1407 ex
1066 1339 1258 1411 Pleiadibus

238 1464 422 1548 supersunt
444 1455 660 1536 Theocritum
691 1455 816 1526 Aratus
849 1464 883 1526 et
904 1456 1087 1540 Nicander,
1109 1480 1255 1552 quorum

236 1593 340 1664 opera
357 1571 539 1660 habemus,
560 1572 589 1642 si
608 1593 676 1642 non
695 1572 849 1663 integra,
869 1581 902 1642 at
916 1575 1038 1645 saltem
1056 1575 1139 1646 satis
1158 1577 1258 1667 longa

235 1697 272 1758 ut
292 1711 410 1759 eorum
427 1691 571 1760 virtutes
595 1697 629 1759 et
649 1689 730 1759 vitia
751 1690 970 1783 probabiliter
983 1693 1255 1786 perpendamus.

234 1807 315 1878 Tres
329 1815 444 1877 autem
463 1808 510 1876 illi
526 1806 805 1897 agrammaticis,
824 1809 898 1878 sive
916 1808 1086 1903 antiquis,
1108 1811 1182 1881 sive
1198 1834 1258 1882 re·
1323 1848 1329 1858 ·

236 1923 460 2014 cautioribus,
481 1925 516 1994 in
529 1925 617 1995 hanc
632 1925 765 2012 Pleiada
780 1926 905 2019 recepti
924 1936 1026 2008 sunt,
1045 1949 1124 2022 quae
1141 1937 1259 2020 poetas

234 2020 347 2113 omnis
366 2045 502 2133 generis
512 2044 800 2137 complectebatur
814 2044 869 2139 (Ξ)
890 2070 896 2113 :
924 2049 1084 2139 quamvis
1105 2048 1196 2117 enim
1221 2048 1255 2118 in

234 2161 353 2231 Museo
368 2184 437 2231 non
453 2161 670 2244 habitarent,
701 2162 922 2233 similitudine
946 2164 1138 2235 studiorum
1173 2153 1256 2237 rere

217 2276 314 2351 ¹sunt
328 2281 571 2353 Alexandrinis
591 2282 852 2354 adnumerandi.
879 2284 957 2354 Duo
980 2285 1081 2377 primi
1104 2288 1256 2379 aequales

234 2400 428 2471 Callimachi
487 2400 678 2482 videntur;
747 2424 896 2497 namque
946 2406 1059 2475 aulam
1114 2408 1255 2477 secundi

234 2521 430 2601 Ptolemaei,
463 2544 540 2591 cum
572 2523 644 2612 jam
682 2521 835 2612 insignes
867 2532 1002 2606 essent,
1039 2525 1252 2606 inviserunt;

232 2635 416 2717 Nicander,
454 2639 556 2730 paulo
589 2637 772 2719 recentior,
809 2637 996 2710 Aristarchi
1042 2641 1254 2734 temporibus

233 2751 336 2821 vixit.
418 2791 422 2796 <
557 2773 561 2774 ⁷
1017 2849 1019 2852 ι

281 2870 479 2941 Theocritus
521 2871 658 2966 quidem
707 2895 753 2941 ex
798 2873 962 2947 'omnibus
989 2855 1253 2950 ,Alexandrinis

286 3158 297 3216 l
352 3158 375 3217 it
432 3159 442 3217 l
505 3158 556 3219 .3.

273 3155 313 3338 ((2))
324 3159 615 3343 ireigdlu’pierurum
626 3259 722 3320 omnis
743 3260 875 3341 pencris,
892 3280 909 3322 a
923 3262 1027 3323 Tzetze
1048 3263 1139 3324 nobis
1152 3263 1252 3325 tradi-

232 3371 318 3441 tam,
341 3381 493 3441 nusquam
512 3364 545 3423 in
568 3365 777 3444 grammaticis
802 3367 963 3428 veteribus
990 3370 1148 3432 exstitisse
1173 3370 1250 3431 satis

233 3462 436 3542 probabiliter
463 3463 655 3525 arbitrantur
675 3464 870 3526 Weichertus
891 3474 922 3527 et
938 3468 1102 3549 Naeckius‚
1120 3486 1251 3548 eamque

230 3564 342 3637 putant
354 3561 480 3620 aTzetze
491 3561 556 3638 ipso
566 3578 621 3638 per
631 3560 835 3646 ignorantiam
845 3561 939 3622 luisse
948 3582 1004 3642 pro
1015 3563 1128 3643 tragica
1138 3583 1249 3644 accep-

233 3667 308 3717 tam.
331 3677 344 3714 «
363 3658 536 3738 Nimirum,
558 3658 602 3719 ait
618 3658 788 3739 Naeckius,
820 3678 876 3739 pro
892 3662 1018 3740 tragicis
1045 3662 1107 3740 ipsi
1135 3663 1248 3742 ignotis

231 3755 331 3817 bonus
347 3756 438 3816 homo
454 3765 561 3836 poetas
576 3757 703 3836 ingessit
729 3757 762 3817 in
789 3758 942 3820 Pleiadem
971 3760 1144 3821 infantibus
1159 3766 1247 3821 notos

231 3852 446 3935 Theocritum,
465 3854 551 3917 alios.
575 3874 589 3913 r
605 3853 660 3936 (V.
679 3853 856 3936 Weichert‚
881 3855 970 3919 Uener
995 3856 1051 3921 dor
1073 3857 1244 3936 Labeo....,

233 3971 264 4032 r·
284 3951 347 4034 89l·
416 3995 419 4000 >

1456 3581 1459 3776 l
