<?xml version="1.0" encoding="UTF-8"?>
<!DOCTYPE html PUBLIC "-//W3C//DTD XHTML 1.0 Transitional//EN"
    "http://www.w3.org/TR/xhtml1/DTD/xhtml1-transitional.dtd">
<html xmlns="http://www.w3.org/1999/xhtml" xml:lang="en" lang="en">
 <head>
  <title>
</title>
<meta http-equiv="Content-Type" content="text/html;charset=utf-8" />
  <meta name='ocr-system' content='tesseract 3.04.00' />
  <meta name='ocr-capabilities' content='ocr_page ocr_carea ocr_par ocr_line ocrx_word'/>
</head>
<body>
  <div class='ocr_page' id='page_1' title='image "./deartecallimach00thiogoog_0096.png"; bbox 0 0 2942 4709; ppageno 0'>
   <div class='ocr_carea' id='block_1_1' title="bbox 675 316 959 424">
    <p class='ocr_par' dir='ltr' id='par_1_1' title="bbox 675 316 959 424">
     <span class='ocr_line' id='line_1_1' title="bbox 675 316 959 424; baseline 0 -39"><span class='ocrx_word' id='word_1_1' title='bbox 675 316 959 424; x_wconf 65' lang='lat' dir='ltr'>--un--⁹</span> 
     </span>
    </p>
   </div>
   <div class='ocr_carea' id='block_1_2' title="bbox 224 466 1313 4086">
    <p class='ocr_par' dir='ltr' id='par_1_2' title="bbox 224 466 1313 4086">
     <span class='ocr_line' id='line_1_2' title="bbox 263 466 1280 566; baseline 0.008 -30"><span class='ocrx_word' id='word_1_2' title='bbox 263 466 354 538; x_wconf 87' lang='lat' dir='ltr'>enim</span> <span class='ocrx_word' id='word_1_3' title='bbox 373 469 546 563; x_wconf 91' lang='lat' dir='ltr'>quomodo</span> <span class='ocrx_word' id='word_1_4' title='bbox 567 470 610 540; x_wconf 88' lang='lat' dir='ltr'>de</span> <span class='ocrx_word' id='word_1_5' title='bbox 628 493 669 540; x_wconf 93' lang='lat' dir='ltr'>eo</span> <span class='ocrx_word' id='word_1_6' title='bbox 700 472 869 566; x_wconf 87' lang='lat' dir='ltr'>loquatur,</span> <span class='ocrx_word' id='word_1_7' title='bbox 887 469 1060 564; x_wconf 92' lang='lat' dir='ltr'>quomodo</span> <span class='ocrx_word' id='word_1_8' title='bbox 1080 473 1154 562; x_wconf 87' lang='lat' dir='ltr'>ejus</span> <span class='ocrx_word' id='word_1_9' title='bbox 1186 475 1280 544; x_wconf 89' lang='lat' dir='ltr'>cele-</span> 
     </span>
     <span class='ocr_line' id='line_1_3' title="bbox 267 583 1281 686; baseline 0.008 -32"><span class='ocrx_word' id='word_1_10' title='bbox 267 583 453 659; x_wconf 91' lang='lat' dir='ltr'>berrimum</span> <span class='ocrx_word' id='word_1_11' title='bbox 479 609 617 657; x_wconf 87' lang='lat' dir='ltr'>carmen</span> <span class='ocrx_word' id='word_1_12' title='bbox 653 589 696 657; x_wconf 92' lang='lat' dir='ltr'>sit</span> <span class='ocrx_word' id='word_1_13' title='bbox 727 588 986 686; x_wconf 78' lang='lat' dir='ltr'>interpretatus,</span> <span class='ocrx_word' id='word_1_14' title='bbox 1018 590 1166 684; x_wconf 90' lang='lat' dir='ltr'>denique</span> <span class='ocrx_word' id='word_1_15' title='bbox 1192 614 1281 685; x_wconf 93' lang='lat' dir='ltr'>quo-</span> 
     </span>
     <span class='ocr_line' id='line_1_4' title="bbox 264 687 1279 798; baseline 0.006 -24"><span class='ocrx_word' id='word_1_16' title='bbox 264 705 366 776; x_wconf 92' lang='lat' dir='ltr'>modo</span> <span class='ocrx_word' id='word_1_17' title='bbox 406 705 513 776; x_wconf 91' lang='lat' dir='ltr'>instar</span> <span class='ocrx_word' id='word_1_18' title='bbox 550 706 624 796; x_wconf 89' lang='lat' dir='ltr'>ejus</span> <span class='ocrx_word' id='word_1_19' title='bbox 669 707 897 798; x_wconf 89' lang='lat' dir='ltr'>peritissimus</span> <span class='ocrx_word' id='word_1_20' title='bbox 935 687 1060 778; x_wconf 82' lang='lat' dir='ltr'>artifex</span> <span class='ocrx_word' id='word_1_21' title='bbox 1096 709 1279 780; x_wconf 89' lang='lat' dir='ltr'>verborum</span> 
     </span>
     <span class='ocr_line' id='line_1_5' title="bbox 227 821 1277 919; baseline 0.004 -26"><span class='ocrx_word' id='word_1_22' title='bbox 227 835 231 842; x_wconf 82' lang='grc'><strong>’</strong></span> <span class='ocrx_word' id='word_1_23' title='bbox 262 825 371 894; x_wconf 85' lang='lat' dir='ltr'>factus</span> <span class='ocrx_word' id='word_1_24' title='bbox 404 823 477 893; x_wconf 64' lang='lat' dir='ltr'>sit:</span> <span class='ocrx_word' id='word_1_25' title='bbox 496 822 620 893; x_wconf 85' lang='lat' dir='ltr'>ltlirari-</span> <span class='ocrx_word' id='word_1_26' title='bbox 642 821 725 893; x_wconf 90' lang='lat' dir='ltr'>satis</span> <span class='ocrx_word' id='word_1_27' title='bbox 766 847 834 895; x_wconf 92' lang='lat' dir='ltr'>nou</span> <span class='ocrx_word' id='word_1_28' title='bbox 873 846 1016 917; x_wconf 91' lang='lat' dir='ltr'>possum</span> <span class='ocrx_word' id='word_1_29' title='bbox 1042 848 1109 919; x_wconf 89' lang='lat' dir='ltr'>qua</span> <span class='ocrx_word' id='word_1_30' title='bbox 1142 827 1277 897; x_wconf 90' lang='lat' dir='ltr'>solertia</span> 
     </span>
     <span class='ocr_line' id='line_1_6' title="bbox 263 940 1278 1037; baseline 0.005 -28"><span class='ocrx_word' id='word_1_31' title='bbox 263 940 418 1010; x_wconf 85' lang='lat' dir='ltr'>Latinum</span> <span class='ocrx_word' id='word_1_32' title='bbox 437 962 593 1020; x_wconf 86' lang='lat' dir='ltr'>versum,</span> <span class='ocrx_word' id='word_1_33' title='bbox 617 941 730 1034; x_wconf 90' lang='lat' dir='ltr'>quiin</span> <span class='ocrx_word' id='word_1_34' title='bbox 757 942 867 1010; x_wconf 83' lang='lat' dir='ltr'>Ennio</span> <span class='ocrx_word' id='word_1_35' title='bbox 897 948 931 1010; x_wconf 91' lang='lat' dir='ltr'>et</span> <span class='ocrx_word' id='word_1_36' title='bbox 959 942 995 1011; x_wconf 94' lang='lat' dir='ltr'>in</span> <span class='ocrx_word' id='word_1_37' title='bbox 1024 943 1215 1037; x_wconf 69' lang='lat' dir='ltr'>aequalibus</span> <span class='ocrx_word' id='word_1_38' title='bbox 1238 966 1278 1015; x_wconf 87' lang='lat' dir='ltr'>ac</span> 
     </span>
     <span class='ocr_line' id='line_1_7' title="bbox 262 1057 1275 1153; baseline 0.003 -25"><span class='ocrx_word' id='word_1_39' title='bbox 262 1057 517 1129; x_wconf 88' lang='lat' dir='ltr'>successoribus</span> <span class='ocrx_word' id='word_1_40' title='bbox 538 1059 612 1150; x_wconf 86' lang='lat' dir='ltr'>ejus</span> <span class='ocrx_word' id='word_1_41' title='bbox 630 1059 741 1130; x_wconf 93' lang='lat' dir='ltr'>adhuc</span> <span class='ocrx_word' id='word_1_42' title='bbox 759 1060 914 1128; x_wconf 90' lang='lat' dir='ltr'>informis</span> <span class='ocrx_word' id='word_1_43' title='bbox 930 1067 1089 1153; x_wconf 90' lang='lat' dir='ltr'>apparet,</span> <span class='ocrx_word' id='word_1_44' title='bbox 1110 1060 1275 1143; x_wconf 91' lang='lat' dir='ltr'>docilem,</span> 
     </span>
     <span class='ocr_line' id='line_1_8' title="bbox 263 1176 1278 1271; baseline 0.003 -27"><span class='ocrx_word' id='word_1_45' title='bbox 263 1176 474 1265; x_wconf 81' lang='lat' dir='ltr'>elegantem,</span> <span class='ocrx_word' id='word_1_46' title='bbox 514 1184 689 1268; x_wconf 88' lang='lat' dir='ltr'>comptum</span> <span class='ocrx_word' id='word_1_47' title='bbox 730 1176 898 1256; x_wconf 83' lang='lat' dir='ltr'>effecerit,</span> <span class='ocrx_word' id='word_1_48' title='bbox 937 1185 1039 1270; x_wconf 89' lang='lat' dir='ltr'>atque</span> <span class='ocrx_word' id='word_1_49' title='bbox 1078 1178 1122 1249; x_wconf 92' lang='lat' dir='ltr'>ad</span> <span class='ocrx_word' id='word_1_50' title='bbox 1161 1179 1278 1271; x_wconf 84' lang='lat' dir='ltr'>expri-</span> 
     </span>
     <span class='ocr_line' id='line_1_9' title="bbox 261 1293 1278 1384; baseline 0.005 -23"><span class='ocrx_word' id='word_1_51' title='bbox 261 1293 403 1363; x_wconf 87' lang='lat' dir='ltr'>mendas</span> <span class='ocrx_word' id='word_1_52' title='bbox 432 1293 544 1363; x_wconf 91' lang='lat' dir='ltr'>omnis</span> <span class='ocrx_word' id='word_1_53' title='bbox 580 1295 716 1384; x_wconf 80' lang='lat' dir='ltr'>generis</span> <span class='ocrx_word' id='word_1_54' title='bbox 760 1294 946 1364; x_wconf 89' lang='lat' dir='ltr'>sententias</span> <span class='ocrx_word' id='word_1_55' title='bbox 981 1295 1156 1366; x_wconf 90' lang='lat' dir='ltr'>idoneum.</span> <span class='ocrx_word' id='word_1_56' title='bbox 1193 1297 1278 1380; x_wconf 84' lang='lat' dir='ltr'>Quis</span> 
     </span>
     <span class='ocr_line' id='line_1_10' title="bbox 262 1408 1280 1505; baseline 0.004 -27"><span class='ocrx_word' id='word_1_57' title='bbox 262 1416 376 1479; x_wconf 89' lang='lat' dir='ltr'>autem</span> <span class='ocrx_word' id='word_1_58' title='bbox 396 1408 521 1480; x_wconf 87' lang='lat' dir='ltr'>infitias</span> <span class='ocrx_word' id='word_1_59' title='bbox 542 1409 604 1478; x_wconf 89' lang='lat' dir='ltr'>ibit</span> <span class='ocrx_word' id='word_1_60' title='bbox 626 1408 709 1502; x_wconf 90' lang='lat' dir='ltr'>quin</span> <span class='ocrx_word' id='word_1_61' title='bbox 733 1410 764 1479; x_wconf 92' lang='lat' dir='ltr'>ei</span> <span class='ocrx_word' id='word_1_62' title='bbox 787 1409 922 1479; x_wconf 92' lang='lat' dir='ltr'>laudem</span> <span class='ocrx_word' id='word_1_63' title='bbox 949 1410 1040 1481; x_wconf 93' lang='lat' dir='ltr'>illam</span> <span class='ocrx_word' id='word_1_64' title='bbox 1077 1419 1280 1505; x_wconf 87' lang='lat' dir='ltr'>perpetuum</span> 
     </span>
     <span class='ocr_line' id='line_1_11' title="bbox 262 1520 1123 1619; baseline 0.003 -24"><span class='ocrx_word' id='word_1_65' title='bbox 262 1548 340 1595; x_wconf 89' lang='lat' dir='ltr'>cnm</span> <span class='ocrx_word' id='word_1_66' title='bbox 356 1526 560 1597; x_wconf 88' lang='lat' dir='ltr'>Callimacho</span> <span class='ocrx_word' id='word_1_67' title='bbox 578 1527 820 1597; x_wconf 84' lang='lat' dir='ltr'>commercium</span> <span class='ocrx_word' id='word_1_68' title='bbox 839 1526 1032 1619; x_wconf 83' lang='lat' dir='ltr'>pepererit‘l</span> <span class='ocrx_word' id='word_1_69' title='bbox 1121 1520 1123 1522; x_wconf 49' lang='grc'><strong><em>’</em></strong></span> 
     </span>
     <span class='ocr_line' id='line_1_12' title="bbox 309 1643 1279 1737; baseline 0.004 -26"><span class='ocrx_word' id='word_1_70' title='bbox 309 1643 510 1714; x_wconf 78' lang='lat' dir='ltr'>flomerunt</span> <span class='ocrx_word' id='word_1_71' title='bbox 526 1644 626 1737; x_wconf 88' lang='lat' dir='ltr'>simul</span> <span class='ocrx_word' id='word_1_72' title='bbox 641 1667 719 1714; x_wconf 89' lang='lat' dir='ltr'>eum</span> <span class='ocrx_word' id='word_1_73' title='bbox 735 1644 876 1714; x_wconf 87' lang='lat' dir='ltr'>Catullo</span> <span class='ocrx_word' id='word_1_74' title='bbox 886 1644 942 1714; x_wconf 90' lang='lat' dir='ltr'>alii</span> <span class='ocrx_word' id='word_1_75' title='bbox 968 1645 1279 1716; x_wconf 87' lang='lat' dir='ltr'>Alexandrinorum</span> 
     </span>
     <span class='ocr_line' id='line_1_13' title="bbox 262 1758 1313 1855; baseline 0.005 -28"><span class='ocrx_word' id='word_1_76' title='bbox 262 1758 471 1842; x_wconf 89' lang='lat' dir='ltr'>imitatores,</span> <span class='ocrx_word' id='word_1_77' title='bbox 506 1761 594 1831; x_wconf 93' lang='lat' dir='ltr'>inter</span> <span class='ocrx_word' id='word_1_78' title='bbox 626 1783 713 1855; x_wconf 89' lang='lat' dir='ltr'>qnos</span> <span class='ocrx_word' id='word_1_79' title='bbox 745 1761 909 1853; x_wconf 90' lang='lat' dir='ltr'>praecipui</span> <span class='ocrx_word' id='word_1_80' title='bbox 944 1763 1099 1832; x_wconf 89' lang='lat' dir='ltr'>feruntur</span> <span class='ocrx_word' id='word_1_81' title='bbox 1133 1762 1276 1843; x_wconf 88' lang='lat' dir='ltr'>Calvus,</span> <span class='ocrx_word' id='word_1_82' title='bbox 1309 1799 1313 1807; x_wconf 93' lang='lat'><em>·</em></span> 
     </span>
     <span class='ocr_line' id='line_1_14' title="bbox 224 1876 1280 1974; baseline 0.005 -30"><span class='ocrx_word' id='word_1_83' title='bbox 224 1914 225 1917; x_wconf 60' lang='lat'><em>=</em></span> <span class='ocrx_word' id='word_1_84' title='bbox 262 1876 415 1949; x_wconf 89' lang='lat' dir='ltr'>Valerius</span> <span class='ocrx_word' id='word_1_85' title='bbox 447 1879 548 1961; x_wconf 88' lang='lat' dir='ltr'>Cato,</span> <span class='ocrx_word' id='word_1_86' title='bbox 584 1879 758 1974; x_wconf 81' lang='lat' dir='ltr'>Vhrroque</span> <span class='ocrx_word' id='word_1_87' title='bbox 791 1879 972 1961; x_wconf 80' lang='lat' dir='ltr'>Atacinus,</span> <span class='ocrx_word' id='word_1_88' title='bbox 1013 1880 1071 1973; x_wconf 90' lang='lat' dir='ltr'>qni</span> <span class='ocrx_word' id='word_1_89' title='bbox 1109 1880 1280 1973; x_wconf 83' lang='lat' dir='ltr'>Apollonii</span> 
     </span>
     <span class='ocr_line' id='line_1_15' title="bbox 262 1991 1280 2088; baseline 0.004 -26"><span class='ocrx_word' id='word_1_90' title='bbox 262 1991 491 2083; x_wconf 82' lang='lat' dir='ltr'>Argonautica</span> <span class='ocrx_word' id='word_1_91' title='bbox 524 1995 766 2087; x_wconf 89' lang='lat' dir='ltr'>interpretatus</span> <span class='ocrx_word' id='word_1_92' title='bbox 798 2002 864 2064; x_wconf 92' lang='lat' dir='ltr'>est.</span> <span class='ocrx_word' id='word_1_93' title='bbox 896 1995 946 2065; x_wconf 84' lang='lat' dir='ltr'>Eo</span> <span class='ocrx_word' id='word_1_94' title='bbox 985 1996 1088 2065; x_wconf 88' lang='lat' dir='ltr'>etiam</span> <span class='ocrx_word' id='word_1_95' title='bbox 1126 2003 1280 2088; x_wconf 90' lang='lat' dir='ltr'>tempore</span> 
     </span>
     <span class='ocr_line' id='line_1_16' title="bbox 264 2111 1280 2204; baseline 0.004 -25"><span class='ocrx_word' id='word_1_96' title='bbox 264 2111 362 2180; x_wconf 92' lang='lat' dir='ltr'>multi</span> <span class='ocrx_word' id='word_1_97' title='bbox 388 2112 453 2181; x_wconf 90' lang='lat' dir='ltr'>viri</span> <span class='ocrx_word' id='word_1_98' title='bbox 481 2112 605 2204; x_wconf 89' lang='lat' dir='ltr'>privati</span> <span class='ocrx_word' id='word_1_99' title='bbox 640 2113 695 2181; x_wconf 89' lang='lat' dir='ltr'>vel</span> <span class='ocrx_word' id='word_1_100' title='bbox 739 2112 864 2204; x_wconf 86' lang='lat' dir='ltr'>publici</span> <span class='ocrx_word' id='word_1_101' title='bbox 900 2113 1089 2183; x_wconf 86' lang='lat' dir='ltr'>carminum</span> <span class='ocrx_word' id='word_1_102' title='bbox 1131 2112 1280 2183; x_wconf 88' lang='lat' dir='ltr'>artifices</span> 
     </span>
     <span class='ocr_line' id='line_1_17' title="bbox 264 2229 1280 2323; baseline 0.002 -26"><span class='ocrx_word' id='word_1_103' title='bbox 264 2229 378 2309; x_wconf 88' lang='lat' dir='ltr'>fuere;</span> <span class='ocrx_word' id='word_1_104' title='bbox 414 2230 473 2323; x_wconf 90' lang='lat' dir='ltr'>qui</span> <span class='ocrx_word' id='word_1_105' title='bbox 518 2230 699 2322; x_wconf 87' lang='lat' dir='ltr'>praeceptis</span> <span class='ocrx_word' id='word_1_106' title='bbox 738 2231 936 2302; x_wconf 89' lang='lat' dir='ltr'>Graecorum</span> <span class='ocrx_word' id='word_1_107' title='bbox 978 2231 1280 2321; x_wconf 81' lang='lat' dir='ltr'>grammaticorum</span> 
     </span>
     <span class='ocr_line' id='line_1_18' title="bbox 265 2343 1275 2441; baseline 0 -27"><span class='ocrx_word' id='word_1_108' title='bbox 265 2343 405 2429; x_wconf 89' lang='lat' dir='ltr'>imbuti,</span> <span class='ocrx_word' id='word_1_109' title='bbox 438 2356 703 2440; x_wconf 90' lang='lat' dir='ltr'>poetammque,</span> <span class='ocrx_word' id='word_1_110' title='bbox 723 2348 782 2440; x_wconf 93' lang='lat' dir='ltr'>qni</span> <span class='ocrx_word' id='word_1_111' title='bbox 802 2357 882 2419; x_wconf 90' lang='lat' dir='ltr'>tnnc</span> <span class='ocrx_word' id='word_1_112' title='bbox 899 2348 1050 2418; x_wconf 83' lang='lat' dir='ltr'>maxime</span> <span class='ocrx_word' id='word_1_113' title='bbox 1074 2347 1275 2441; x_wconf 89' lang='lat' dir='ltr'>placebant,</span> 
     </span>
     <span class='ocr_line' id='line_1_19' title="bbox 263 2461 1282 2557; baseline 0 -26"><span class='ocrx_word' id='word_1_114' title='bbox 263 2461 408 2533; x_wconf 88' lang='lat' dir='ltr'>lectione</span> <span class='ocrx_word' id='word_1_115' title='bbox 446 2462 560 2554; x_wconf 76' lang='lat' dir='ltr'>pleni,</span> <span class='ocrx_word' id='word_1_116' title='bbox 594 2464 663 2532; x_wconf 90' lang='lat' dir='ltr'>otia</span> <span class='ocrx_word' id='word_1_117' title='bbox 692 2484 754 2533; x_wconf 86' lang='lat' dir='ltr'>sua</span> <span class='ocrx_word' id='word_1_118' title='bbox 782 2463 816 2533; x_wconf 90' lang='lat' dir='ltr'>in</span> <span class='ocrx_word' id='word_1_119' title='bbox 846 2463 958 2539; x_wconf 71' lang='lat' dir='ltr'>doctisv</span> <span class='ocrx_word' id='word_1_120' title='bbox 1000 2463 1282 2557; x_wconf 85' lang='lat' dir='ltr'>occupationibus</span> 
     </span>
     <span class='ocr_line' id='line_1_20' title="bbox 263 2581 1277 2674; baseline 0 -21"><span class='ocrx_word' id='word_1_121' title='bbox 263 2581 525 2653; x_wconf 85' lang='lat' dir='ltr'>consumebant.</span> <span class='ocrx_word' id='word_1_122' title='bbox 572 2581 686 2653; x_wconf 92' lang='lat' dir='ltr'>Unum</span> <span class='ocrx_word' id='word_1_123' title='bbox 743 2605 788 2652; x_wconf 85' lang='lat' dir='ltr'>ex</span> <span class='ocrx_word' id='word_1_124' title='bbox 837 2584 892 2653; x_wconf 91' lang='lat' dir='ltr'>his</span> <span class='ocrx_word' id='word_1_125' title='bbox 945 2584 1018 2674; x_wconf 88' lang='lat' dir='ltr'>jam</span> <span class='ocrx_word' id='word_1_126' title='bbox 1080 2585 1277 2663; x_wconf 88' lang='lat' dir='ltr'>retulimus,</span> 
     </span>
     <span class='ocr_line' id='line_1_21' title="bbox 263 2699 1278 2794; baseline 0 -24"><span class='ocrx_word' id='word_1_127' title='bbox 263 2700 306 2783; x_wconf 87' lang='lat' dir='ltr'>Q.</span> <span class='ocrx_word' id='word_1_128' title='bbox 336 2699 513 2780; x_wconf 86' lang='lat' dir='ltr'>Catulum,</span> <span class='ocrx_word' id='word_1_129' title='bbox 545 2701 604 2794; x_wconf 92' lang='lat' dir='ltr'>qni</span> <span class='ocrx_word' id='word_1_130' title='bbox 634 2700 891 2794; x_wconf 81' lang='lat' dir='ltr'>epigrammatis</span> <span class='ocrx_word' id='word_1_131' title='bbox 911 2702 1107 2772; x_wconf 83' lang='lat' dir='ltr'>Callimachi</span> <span class='ocrx_word' id='word_1_132' title='bbox 1133 2703 1278 2792; x_wconf 79' lang='lat' dir='ltr'>elegan-</span> 
     </span>
     <span class='ocr_line' id='line_1_22' title="bbox 262 2815 1281 2889; baseline 0.002 -5"><span class='ocrx_word' id='word_1_133' title='bbox 262 2815 432 2887; x_wconf 90' lang='lat' dir='ltr'>tissimam</span> <span class='ocrx_word' id='word_1_134' title='bbox 470 2818 673 2887; x_wconf 89' lang='lat' dir='ltr'>sententiam</span> <span class='ocrx_word' id='word_1_135' title='bbox 704 2818 856 2889; x_wconf 88' lang='lat' dir='ltr'>imitatus</span> <span class='ocrx_word' id='word_1_136' title='bbox 895 2825 960 2888; x_wconf 93' lang='lat' dir='ltr'>est.</span> <span class='ocrx_word' id='word_1_137' title='bbox 996 2819 1133 2889; x_wconf 85' lang='lat' dir='ltr'>Illorum</span> <span class='ocrx_word' id='word_1_138' title='bbox 1166 2827 1281 2888; x_wconf 89' lang='lat' dir='ltr'>autem</span> 
     </span>
     <span class='ocr_line' id='line_1_23' title="bbox 263 2935 1282 3030; baseline 0 -25"><span class='ocrx_word' id='word_1_139' title='bbox 263 2935 417 3005; x_wconf 90' lang='lat' dir='ltr'>omnium</span> <span class='ocrx_word' id='word_1_140' title='bbox 449 2935 691 3006; x_wconf 87' lang='lat' dir='ltr'>celeberrimus</span> <span class='ocrx_word' id='word_1_141' title='bbox 722 2937 786 3006; x_wconf 87' lang='lat' dir='ltr'>fuit</span> <span class='ocrx_word' id='word_1_142' title='bbox 814 2936 953 3018; x_wconf 85' lang='lat' dir='ltr'>Cicero,</span> <span class='ocrx_word' id='word_1_143' title='bbox 982 2937 1052 3030; x_wconf 82' lang='lat' dir='ltr'>qui¹</span> <span class='ocrx_word' id='word_1_144' title='bbox 1072 2936 1212 3029; x_wconf 88' lang='lat' dir='ltr'>etipse</span> <span class='ocrx_word' id='word_1_145' title='bbox 1246 2937 1282 3005; x_wconf 91' lang='lat' dir='ltr'>iu</span> 
     </span>
     <span class='ocr_line' id='line_1_24' title="bbox 224 3046 1282 3150; baseline 0.002 -23"><span class='ocrx_word' id='word_1_146' title='bbox 224 3046 226 3050; x_wconf 39' lang='lat'>¹</span> <span class='ocrx_word' id='word_1_147' title='bbox 263 3055 396 3148; x_wconf 89' lang='lat' dir='ltr'>poetica</span> <span class='ocrx_word' id='word_1_148' title='bbox 423 3056 486 3125; x_wconf 91' lang='lat' dir='ltr'>fuit</span> <span class='ocrx_word' id='word_1_149' title='bbox 526 3057 838 3130; x_wconf 86' lang='lat' dir='ltr'>Alexandrinorum</span> <span class='ocrx_word' id='word_1_150' title='bbox 870 3057 1070 3150; x_wconf 90' lang='lat' dir='ltr'>discipulus.</span> <span class='ocrx_word' id='word_1_151' title='bbox 1107 3057 1282 3150; x_wconf 84' lang='lat' dir='ltr'>Namque.</span> 
     </span>
     <span class='ocr_line' id='line_1_25' title="bbox 261 3173 1281 3267; baseline 0 -25"><span class='ocrx_word' id='word_1_152' title='bbox 261 3194 459 3266; x_wconf 90' lang='lat' dir='ltr'>quanquam</span> <span class='ocrx_word' id='word_1_153' title='bbox 501 3176 654 3247; x_wconf 82' lang='lat' dir='ltr'>Athenas</span> <span class='ocrx_word' id='word_1_154' title='bbox 689 3175 871 3256; x_wconf 81' lang='lat' dir='ltr'>inviserat,</span> <span class='ocrx_word' id='word_1_155' title='bbox 911 3175 1114 3267; x_wconf 89' lang='lat' dir='ltr'>scholasque</span> <span class='ocrx_word' id='word_1_156' title='bbox 1151 3173 1281 3244; x_wconf 83' lang='lat' dir='ltr'>Atticas</span> 
     </span>
     <span class='ocr_line' id='line_1_26' title="bbox 265 3288 1282 3384; baseline 0.001 -27"><span class='ocrx_word' id='word_1_157' title='bbox 265 3288 563 3384; x_wconf 79' lang='lat' dir='ltr'>frequentaverat,</span> <span class='ocrx_word' id='word_1_158' title='bbox 583 3298 717 3373; x_wconf 76' lang='lat' dir='ltr'>tamen,</span> <span class='ocrx_word' id='word_1_159' title='bbox 737 3313 816 3361; x_wconf 91' lang='lat' dir='ltr'>cnm</span> <span class='ocrx_word' id='word_1_160' title='bbox 836 3290 879 3361; x_wconf 90' lang='lat' dir='ltr'>ad</span> <span class='ocrx_word' id='word_1_161' title='bbox 895 3289 1055 3380; x_wconf 78' lang='lat' dir='ltr'>fingenda</span> <span class='ocrx_word' id='word_1_162' title='bbox 1070 3289 1223 3360; x_wconf 90' lang='lat' dir='ltr'>carmina</span> <span class='ocrx_word' id='word_1_163' title='bbox 1245 3311 1282 3358; x_wconf 90' lang='lat' dir='ltr'>se</span> 
     </span>
     <span class='ocr_line' id='line_1_27' title="bbox 262 3405 1280 3501; baseline -0.001 -26"><span class='ocrx_word' id='word_1_164' title='bbox 262 3406 429 3488; x_wconf 88' lang='lat' dir='ltr'>accinxit,</span> <span class='ocrx_word' id='word_1_165' title='bbox 466 3409 560 3496; x_wconf 81' lang='lat' dir='ltr'>leges</span> <span class='ocrx_word' id='word_1_166' title='bbox 585 3407 629 3484; x_wconf 89' lang='lat' dir='ltr'>ab</span> <span class='ocrx_word' id='word_1_167' title='bbox 651 3408 824 3501; x_wconf 79' lang='lat' dir='ltr'>AEgyptO,</span> <span class='ocrx_word' id='word_1_168' title='bbox 856 3405 943 3477; x_wconf 87' lang='lat' dir='ltr'>sicut</span> <span class='ocrx_word' id='word_1_169' title='bbox 982 3406 1102 3487; x_wconf 86' lang='lat' dir='ltr'>ceteri,</span> <span class='ocrx_word' id='word_1_170' title='bbox 1126 3405 1280 3497; x_wconf 83' lang='lat' dir='ltr'>accepit.</span> 
     </span>
     <span class='ocr_line' id='line_1_28' title="bbox 262 3521 1284 3618; baseline 0.001 -28"><span class='ocrx_word' id='word_1_171' title='bbox 262 3521 393 3593; x_wconf 90' lang='lat' dir='ltr'>Primas</span> <span class='ocrx_word' id='word_1_172' title='bbox 410 3522 512 3594; x_wconf 90' lang='lat' dir='ltr'>etiam</span> <span class='ocrx_word' id='word_1_173' title='bbox 528 3524 710 3606; x_wconf 72' lang='lat' dir='ltr'>materiam,</span> <span class='ocrx_word' id='word_1_174' title='bbox 731 3544 819 3618; x_wconf 90' lang='lat' dir='ltr'>quas</span> <span class='ocrx_word' id='word_1_175' title='bbox 841 3524 980 3614; x_wconf 84' lang='lat' dir='ltr'>juvenis</span> <span class='ocrx_word' id='word_1_176' title='bbox 999 3521 1156 3592; x_wconf 87' lang='lat' dir='ltr'>tractavit</span> <span class='ocrx_word' id='word_1_177' title='bbox 1167 3576 1174 3603; x_wconf 97' lang='lat'>,</span> <span class='ocrx_word' id='word_1_178' title='bbox 1187 3584 1189 3588; x_wconf 91' lang='lat'>.</span> <span class='ocrx_word' id='word_1_179' title='bbox 1204 3521 1284 3591; x_wconf 91' lang='lat' dir='ltr'>inde</span> 
     </span>
     <span class='ocr_line' id='line_1_29' title="bbox 262 3637 1284 3730; baseline -0.002 -22"><span class='ocrx_word' id='word_1_180' title='bbox 262 3637 426 3730; x_wconf 90' lang='lat' dir='ltr'>sumpsit;</span> <span class='ocrx_word' id='word_1_181' title='bbox 459 3639 586 3711; x_wconf 89' lang='lat' dir='ltr'>Latinis</span> <span class='ocrx_word' id='word_1_182' title='bbox 614 3640 705 3710; x_wconf 91' lang='lat' dir='ltr'>enim</span> <span class='ocrx_word' id='word_1_183' title='bbox 742 3639 900 3710; x_wconf 89' lang='lat' dir='ltr'>versibus</span> <span class='ocrx_word' id='word_1_184' title='bbox 926 3637 1021 3709; x_wconf 82' lang='lat' dir='ltr'>Arati</span> <span class='ocrx_word' id='word_1_185' title='bbox 1054 3638 1284 3710; x_wconf 89' lang='lat' dir='ltr'>Phaenomena</span> 
     </span>
     <span class='ocr_line' id='line_1_30' title="bbox 260 3749 1285 3848; baseline -0.001 -25"><span class='ocrx_word' id='word_1_186' title='bbox 260 3753 408 3824; x_wconf 87' lang='lat' dir='ltr'>reddidit</span> <span class='ocrx_word' id='word_1_187' title='bbox 435 3762 470 3824; x_wconf 90' lang='lat' dir='ltr'>et</span> <span class='ocrx_word' id='word_1_188' title='bbox 499 3756 733 3847; x_wconf 79' lang='lat' dir='ltr'>Prognostica.</span> <span class='ocrx_word' id='word_1_189' title='bbox 766 3755 984 3847; x_wconf 84' lang='lat' dir='ltr'>Exemplaria</span> <span class='ocrx_word' id='word_1_190' title='bbox 1018 3749 1177 3848; x_wconf 83' lang='lat' dir='ltr'>quidem,</span> <span class='ocrx_word' id='word_1_191' title='bbox 1205 3774 1285 3846; x_wconf 83' lang='lat' dir='ltr'>quae</span> 
     </span>
     <span class='ocr_line' id='line_1_31' title="bbox 260 3871 1282 3967; baseline -0.002 -28"><span class='ocrx_word' id='word_1_192' title='bbox 260 3871 425 3943; x_wconf 92' lang='lat' dir='ltr'>imitanda</span> <span class='ocrx_word' id='word_1_193' title='bbox 442 3872 508 3942; x_wconf 92' lang='lat' dir='ltr'>sibi</span> <span class='ocrx_word' id='word_1_194' title='bbox 538 3882 783 3967; x_wconf 89' lang='lat' dir='ltr'>proposuerat,</span> <span class='ocrx_word' id='word_1_195' title='bbox 807 3894 876 3941; x_wconf 89' lang='lat' dir='ltr'>non</span> <span class='ocrx_word' id='word_1_196' title='bbox 901 3880 954 3943; x_wconf 91' lang='lat' dir='ltr'>est</span> <span class='ocrx_word' id='word_1_197' title='bbox 984 3879 1181 3950; x_wconf 54' lang='lat' dir='ltr'>assecutum</span> <span class='ocrx_word' id='word_1_198' title='bbox 1203 3890 1282 3938; x_wconf 89' lang='lat' dir='ltr'>uam</span> 
     </span>
     <span class='ocr_line' id='line_1_32' title="bbox 258 3990 1286 4086; baseline -0.002 -27"><span class='ocrx_word' id='word_1_199' title='bbox 258 4010 381 4060; x_wconf 90' lang='lat' dir='ltr'>versus</span> <span class='ocrx_word' id='word_1_200' title='bbox 405 3990 479 4080; x_wconf 84' lang='lat' dir='ltr'>ejus</span> <span class='ocrx_word' id='word_1_201' title='bbox 499 3991 612 4083; x_wconf 91' lang='lat' dir='ltr'>potius</span> <span class='ocrx_word' id='word_1_202' title='bbox 630 3991 779 4062; x_wconf 91' lang='lat' dir='ltr'>oratorio</span> <span class='ocrx_word' id='word_1_203' title='bbox 797 4011 901 4084; x_wconf 88' lang='lat' dir='ltr'>qnam</span> <span class='ocrx_word' id='word_1_204' title='bbox 934 3991 1067 4086; x_wconf 87' lang='lat' dir='ltr'>poetico</span> <span class='ocrx_word' id='word_1_205' title='bbox 1097 3990 1174 4060; x_wconf 90' lang='lat' dir='ltr'>stilo</span> <span class='ocrx_word' id='word_1_206' title='bbox 1196 4007 1286 4057; x_wconf 84' lang='lat' dir='ltr'>exa-</span> 
     </span>
    </p>
   </div>
   <div class='ocr_carea' id='block_1_3' title="bbox 0 0 1476 4709">
    <p class='ocr_par' dir='ltr' id='par_1_3' title="bbox 0 0 1476 4709">
     <span class='ocr_line' id='line_1_33' title="bbox 0 0 1476 4709; baseline 0 0"><span class='ocrx_word' id='word_1_207' title='bbox 0 0 1476 4709; x_wconf 95' lang='lat' dir='ltr'> </span> 
     </span>
    </p>
   </div>
  </div>
 </body>
</html>
