2942 4709
654 199 907 308 -rs-f

236 414 316 462 cum
333 392 519 481 Euergetes
536 413 680 482 regnare
696 393 834 486 incepit.
856 393 910 462 Ait
929 392 1019 462 enim
1036 393 1158 465 Suidas
1183 416 1259 465 eum

235 510 269 578 in
286 509 552 582 administranda
568 510 776 589 Bibliotheca
796 511 1003 581 successisse
1022 512 1255 594 Eratostheni,

236 629 295 721 qui
321 628 356 697 in
374 628 428 698 Ol.
450 647 544 698 cxuvr
573 628 739 714 decessit,
764 633 930 719 regnante
948 630 1138 722 Epiphane.
1162 631 1262 714 Quod

239 746 267 814 si
291 768 332 815 eo
347 746 741 838 temporerlpollonium
757 746 891 815 circiter
905 765 968 815 cxv
985 748 1040 816 vel
1065 767 1129 817 Lxx
1152 770 1261 819 annos
1357 831 1363 840 ,

237 871 354 933 natum
375 886 452 934 esse
470 866 633 935 faciamus
649 865 787 958 (neque
805 866 856 935 las
872 873 925 934 est
946 866 1116 935 seniorem
1131 868 1258 947 lacere,

238 961 387 1051 eumad
412 981 547 1074 publica
566 1003 706 1052 munera
737 982 990 1052 exercenda‘se
1024 983 1259 1078 accingeret),

238 1099 440 1174 vicesimum
458 1101 552 1181 lere,
574 1099 757 1193 incipiente
780 1101 960 1190 Euergetae
978 1122 1085 1191 regno
1104 1138 1114 1183 ·,
1135 1124 1261 1173 anuum

239 1217 320 1306 egit.
339 1217 457 1310 ltaque
469 1239 557 1309 opus
572 1239 671 1287 suurn
685 1217 804 1310 primis
821 1219 923 1307 huJ'us
939 1218 1036 1309 regui
1050 1221 1262 1313 temporibus

238 1337 356 1407 edidit.
384 1337 502 1430 Neque
525 1335 718 1407 Callimachi
744 1338 851 1430 ipsius
879 1345 964 1408 aetas
989 1339 1068 1409 huic
1090 1339 1261 1434 interpre-

238 1456 356 1526 tationi
382 1464 562 1547 repugnat.
596 1457 751 1550 Namque
770 1463 872 1526 antea
889 1446 960 1546 jam
990 1456 1168 1530 docuimus
1183 1481 1261 1530 eum

124 1659 125 1662 Ἴ
235 1573 300 1643 sub
333 1574 525 1661 Euergetas
539 1572 729 1665 principatu
762 1595 832 1642 non
862 1575 973 1643 solum
1006 1575 1166 1658 vixisse,
1201 1577 1263 1647 sed

237 1691 339 1760 etiam
355 1695 514 1782 poemata
541 1690 647 1788 multa
674 1689 935 1782 composuisse:
958 1692 1029 1762 sola
1055 1691 1149 1762 enim
1170 1715 1264 1764 mors

239 1807 313 1895 ejus
334 1803 507 1876 laboribus
528 1804 630 1875 linem
659 1804 794 1875 videtur
810 1804 1028 1899 imposuisse.
1049 1808 1082 1876 Si
1101 1809 1178 1902 quis
1195 1831 1262 1879 au-

136 1902 138 1905 *
238 1930 306 1994 tem
323 1915 465 1993 miretur
482 1921 574 2016 quod
602 1922 838 1992 senescentem
868 1923 980 1992 virum
1001 1930 1050 1994 tot
1071 1926 1261 1997 carminum

135 2037 139 2045 ’
234 2046 406 2109 auctorem
428 2038 591 2118 fecerim,
614 2058 748 2107 memor
764 2045 839 2107 esto
854 2038 1007 2130 poeticas
1026 2041 1101 2130 ejus
1119 2042 1263 2112 virtutes

236 2164 325 2235 totas
342 2177 387 2225 ex
403 2164 475 2226 arte
487 2154 663 2248 pendere,
689 2177 771 2250 quae·
798 2139 872 2247 ipsa
900 2176 969 2225 non
993 2159 1158 2240 senescit,
1188 2160 1257 2229 imo

239 2275 274 2343 in
293 2274 367 2344 dies
383 2272 421 2343 fit
438 2273 707 2343 usu‘accuratior
722 2280 756 2342 et
772 2273 977 2364 perfectior:
988 2275 1104 2344 Monet
1133 2298 1197 2348 nos
1226 2286 1261 2347 et

238 2393 461 2465 Callimachus
477 2414 555 2463 sese
571 2398 672 2482 aetate
688 2401 888 2484 provectum
912 2415 1034 2466 versus
1055 2396 1166 2466 lacere
1184 2452 1191 2478 ,
1223 2398 1259 2466 in

238 2514 338 2605 Epig.
360 2513 472 2593 XXll,
500 2512 597 2602 cujus
618 2511 764 2604 primam
781 2520 913 2603 partem
947 2509 1069 2596 retuli,
1106 2537 1183 2585 cum
1218 2515 1261 2585 de

237 2630 307 2700 vita
323 2631 397 2720 ejus
416 2632 585 2724 loquerer.
601 2629 687 2698 Nam
713 2634 896 2722 postquam
917 2629 1126 2724 triumphum
1147 2632 1190 2702 de
1211 2632 1261 2702 in-

238 2747 329 2819 vidia
348 2747 459 2838 egisse
475 2745 639 2837 gloriatus
657 2754 726 2826 est,
751 2746 844 2816 addit
863 2773 869 2814 :

310 2981 313 2986 ’
376 2982 459 3053 Quos
474 2979 548 3039 olim
563 2996 674 3057 pueros
688 2977 777 3037 vultu
790 2994 937 3056 aspexere
952 2976 1084 3057 benigno
1099 3024 1106 3057 ‚

419 3082 485 3143 Non
502 3081 570 3142 illos
586 3081 679 3141 llusae
695 3080 858 3159 deseruere
870 3097 970 3140 senes.

238 3278 392 3350 Arbitror
410 3279 511 3348 etiam
539 3301 599 3348 eos
623 3277 851 3370 acceptissimi
882 3278 972 3371 apud
1006 3278 1258 3349 Alexandrinos

133 3467 136 3472 .
238 3405 349 3490 poetae
379 3404 499 3468 cantus
528 3396 667 3465 ultimos
694 3394 778 3464 iram
810 3394 974 3465 adversus
994 3394 1258 3467 obtrectatorem

235 3516 311 3604 ejus
326 3513 544 3607 Apollonium
564 3513 724 3593 auxisse,
745 3534 848 3605 quam
868 3512 974 3605 ipsius
998 3513 1116 3582 inlelix
1143 3512 1258 3606 epica-

238 3653 313 3701 rum
329 3632 546 3703 materiarum
560 3631 716 3702 tractatio
730 3632 801 3721 jam
821 3631 1058 3701 suscitaverat.
1338 3628 1340 3632 ⁴
