2942 4709
596 249 792 323 ,63-

186 416 354 478 rectorem
384 403 510 487 fuisse,
540 405 639 498 eique
657 427 739 476 suas
758 406 853 495 leges
874 406 946 481 fere
979 396 1022 474 ab
1048 393 1208 493 omnibns

186 523 264 616 post
280 521 467 607 Homerum
493 520 668 612 neglectas
687 521 891 591 restituisse
905 517 974 614 (l).
994 518 1122 589 Omnes
1144 540 1207 589 au-

68 679 71 682 ·
189 649 258 707 tem
273 637 358 707 istas
373 657 459 730 quas
472 636 576 705 refert
591 636 726 726 regulas
734 637 807 726 jam
822 636 858 705 in
868 633 1073 705 Callimacho
1091 633 1209 727 depre-

187 752 383 824 hendimus.
400 741 548 822 Easdem
566 750 847 844 deprehendisset
873 750 947 844 ipse
968 751 1206 831 HermannuS,

190 885 227 944 nt
243 873 402 955 arbitror,
436 872 465 943 si
496 872 532 941 in
558 891 619 943 sua
642 872 816 965 epicorum
837 871 1036 942 recensione
1055 870 1213 942 Callima-

153 1086 155 1090 ·
190 997 293 1065 chum
307 1016 377 1065 non
389 989 576 1064 omisisset.
593 993 679 1063 Nam
695 992 787 1086 apud
798 999 930 1064 ceteros
942 990 1205 1073 Alexandrinos

190 1112 234 1181 ab
250 1113 358 1181 Arato
376 1109 420 1180 ad
436 1110 695 1191 Manethonem,
717 1109 927 1179 stabiliorem
947 1107 1161 1201 disciplinam
1177 1108 1212 1177 in

190 1249 337 1322 poeseos
354 1227 462 1320 epicae
476 1225 676 1297 tractatione
693 1248 763 1304 non
780 1227 889 1319 potuit
904 1226 987 1321 quin
1000 1224 1214 1296 animadver-

193 1352 280 1416 teret
295 1343 365 1440 (2).
384 1343 598 1428 Manifestius
622 1344 725 1443 etiam
742 1365 868 1414 novam
882 1330 991 1414 artem
1011 1333 1214 1439 perspexis-¹

195 1471 272 1546 set,
304 1463 334 1532 si
364 1479 440 1532 eam
459 1462 494 1531 in
515 1463 591 1552 ejus
610 1470 748 1532 auctore
766 1469 800 1531 et
825 1470 966 1555 parente
981 1459 1211 1556 quaesivisset.

193 1583 305 1665 Quam
321 1580 562 1670 igitur-Nonno
581 1579 724 1670 gloriam
742 1578 882 1661 tribuit,
897 1579 975 1669 jure
991 1578 1214 1651 Callimachus

107 1699 141 1771 ,“
194 1718 257 1790 pro
275 1718 337 1772 sua
356 1695 530 1766 vindicare
548 1705 678 1789 posset.
698 1695 868 1765 Laudatur
893 1695 1048 1765 animab
1068 1717 1110 1765 eo
1127 1695 1217 1766 Dio-
1237 1756 1241 1766 .

196 1816 415 1910 nysiacorum
429 1824 548 1887 auctor
563 1814 656 1910 quod
670 1815 784 1885 hiatus
799 1814 978 1896 vitaverit,
1001 1814 1094 1908 quod
1109 1817 1217 1908 sylla-

196 1934 259 2004 bas
278 1933 313 2003 in
329 1952 463 2004 caesura
491 1955 561 2004 non
593 1932 813 2026 produxerit,
845 1932 938 2026 quod
969 1934 1107 2003 vocales
1137 1942 1217 2003 ante
1330 1955 1332 1958 ·

198 2059 328 2123 mutam
345 2073 423 2121 cum
443 2051 571 2146 liquida
588 2073 657 2122 non
673 2049 876 2144 corripuerit
896 2076 903 2119 :
923 2050 957 2120 in
978 2050 1101 2144 quibus
1114 2051 1218 2122 rebus

199 2168 342 2238 minime
356 2167 515 2238 inventor
527 2166 733 2257 judicandus
751 2173 816 2236 est.
838 2166 999 2249 Idunum
1015 2165 1128 2237 Nonni
1144 2189 1221 2260 pro·

200 2283 311 2378 prium
330 2292 384 2355 est
403 2301 412 2368 ,
431 2283 523 2379 qnod
543 2286 614 2354 lere
643 2285 677 2353 in
707 2283 868 2355 omnibus
899 2285 1058 2356 versibus
1087 2288 1218 2360 caesura

199 2401 298 2471 brevi
329 2401 435 2472 utitur
463 2408 541 2495 post
574 2400 711 2471 tertium
745 2395 952 2480 trochaeum,
975 2407 1086 2472 otest
1115 2401 1150 2470 in
1179 2422 1221 2471 eo

203 2539 308 2587 versu
329 2542 336 2586 :

221 2795 223 2802 y
302 2739 372 2802 Ζεῦ,
393 2736 421 2789 σὲ
435 2736 480 2810 pr'v
495 2724 622 2792 Ῑδιιίοισιν
641 2729 648 2813 Ι
664 2737 689 2789 ἐν
704 2733 793 2810 οὔρεσι
807 2737 871 2810 φασὶ
886 2737 1021 2809 γενέσθαι,

205 2939 239 3002 et
257 2932 327 3012 lere
343 2952 518 3025 nunquam
540 2931 837 3024 penthemimerim
850 2931 1000 3002 admisit.
1018 2932 1056 3000 ln
1073 2932 1138 3002 hoc
1154 2953 1222 3001 au-

209 3056 277 3120 tem
294 3046 378 3115 mihi
403 3045 538 3116 videtur
554 3067 716 3139 peccasse
739 3071 745 3113 :
770 3069 892 3118 versus
910 3048 1002 3117 enim
1020 3048 1222 3138 gravitatem

205 3165 362 3236 brevium
378 3165 656 3256 multiplicatione
675 3165 827 3260 abstulit,
852 3174 886 3237 et
902 3168 1099 3264 rhpthmum
1112 3168 1224 3238 effecit

205 3284 299 3352 velut
329 3282 591 3353 subsultantem.
624 3283 731 3354 Multo
762 3284 961 3375 prudentior
982 3286 1044 3353 fuit
1064 3283 1225 3354 Callima-

208 3401 317 3483 chus,
337 3400 396 3494 qui
412 3422 562 3471 caesuras
578 3400 758 3494 utriusque
771 3401 907 3491 generis
929 3401 1084 3483 miscuit,
1104 3401 1226 3492 longa·
1276 3463 1278 3468 ,

208 3538 356 3610 rumque
389 3516 533 3620 pondus=
555 3516 693 3585 levitate
729 3515 885 3587 brevium
929 3516 1063 3615 modice
1094 3524 1226 3610 tempe-

191 3641 193 3648 ’
211 3632 313 3701 ravit.
1153 3625 1155 3628 ’

253 3879 291 3962 (ll
307 3881 484 3962 Hermann,
505 3839 650 3962 Orphica,
665 3900 696 3961 p.
713 3881 783 3941 690.

253 3978 292 4061 (2)
303 3979 360 4061 ld,
375 3978 467 4060 ibid,
487 3998 517 4059 p.
533 3979 602 4042 689.
