2942 4709
578 775 871 846 eneurrr.
911 742 953 786 ⁵
1068 754 1102 859 f

370 1386 413 1437 DE
432 1385 640 1440 catlltlncflu
667 1386 768 1436 MUSEl
787 1386 960 1437 Pournuuul
981 1386 1144 1462 rutatum,
1240 1357 1241 1360 Ἴ

707 1669 813 1696 αωο-

297 1958 490 2048 Regnante,
518 1967 556 2029 ut
585 1958 755 2041 diximus,
778 1959 962 2028 Ptolemaeo
993 1953 1159 2040 seeundo,
1183 1975 1268 2052 pro-

246 2082 371 2145 ventus
397 2075 453 2144 ille
485 2077 593 2146 Musei
625 2084 802 2169 poetarum
823 2077 996 2170 praecipue
1015 2076 1146 2158 lloruit,
1166 2099 1267 2171 quem

246 2187 509 2263 Alexandrinam
522 2189 660 2262 scholam
672 2193 849 2263 nominare
862 2194 985 2262 solent.
1001 2193 1084 2273 Sed,
1101 2192 1267 2287 quemad-

249 2308 389 2379 modum
407 2311 519 2379 omnis
539 2310 655 2380 schola
678 2311 877 2408 magistrum
895 2310 1018 2390 hahet,
1038 2311 1084 2380 ita
1102 2322 1142 2379 ea
1168 2330 1267 2379 suum
1333 2387 1337 2396 ‚

248 2424 436 2516 prinoipem
458 2408 649 2520 ducemque
678 2425 816 2506 habuit,
834 2427 893 2520 qui
913 2427 994 2495 mihi
1013 2426 1147 2496 videtur
1164 2427 1274 2495 luisse

247 2540 484 2613 Callimachus.
516 2544 575 2613 llle
601 2544 692 2613 enim
720 2551 791 2613 tum
821 2544 976 2634 ingenio,
998 2552 1070 2615 tum
1094 2544 1268 2637 multiplici

245 2659 435 2729 studiorum
449 2661 632 2744 varietate,
651 2655 800 2731 maxima
813 2662 1011 2731 auctoritate
1029 2661 1120 2755 apud
1136 2669 1268 2731 ceteros

249 2775 328 2865 ejus¹
360 2778 472 2848 aetatis
499 2786 600 2872 atque
631 2779 732 2847 etiam
762 2777 851 2869 apud
875 2787 1031 2869 posteros
1063 2778 1186 2857 valuit;
1213 2778 1268 2847 ille

249 2914 350 2962 novae
365 2889 448 2964 artis
465 2895 608 2987 poeticae
623 2896 717 2985 leges
737 2894 846 2975 dedit,
860 2896 1058 2986 etexempla
1071 2886 1266 2987 proposuit;

249 3012 304 3082 ille
329 3012 498 3108 denique,
526 3001 646 3106 regum
680 3016 797 3086 lavore
826 3013 1015 3095 subnixus,
1051 3021 1153 3107 atque
1181 3013 1267 3084 adeo

251 3138 374 3223 potens
405 3141 443 3201 ut
472 3134 726 3204 adversantium
757 3140 899 3203 conatus
925 3154 1046 3203 omnes
1074 3135 1264 3224 frangeret,

248 3270 330 3317 vere
347 3247 568 3320 Alexandrini
591 3251 747 3321 Parnassi
766 3250 960 3320 moderator
979 3252 1053 3321 luit.

298 3367 421 3437 Fateor
452 3370 611 3463 equidem
636 3372 707 3460 jam
740 3377 817 3438 ante
849 3391 927 3438 eum
959 3369 1134 3438 exstitisse
1161 3367 1266 3438 Coum

250 3482 435 3568 Philotam,
456 3487 514 3581 qui
535 3486 640 3577 hujus
656 3486 775 3576 gloriae
791 3491 921 3579 partem
937 3507 999 3577 pro
1016 3507 1077 3554 sua
1096 3463 1270 3555 vindicare

251 3601 422 3673 videaturr
439 3604 525 3674 Nam
544 3602 578 3674 et
596 3605 669 3697 ipse
695 3613 798 3698 poeta
816 3604 1058 3675 celeberrimus
1068 3609 1078 3684 ,'
1100 3603 1271 3697 simulque

248 3703 509 3808 grammaticus
528 3745 617 3793 unus
638 3744 683 3791 ex
712 3722 829 3815 primis
863 3721 972 3791 Musei
1002 3720 1122 3790 ineolis
1147 3721 1266 3799 lentur,

250 3832 414 3933 regnante
431 3842 543 3912 adhue
558 3843 695 3923 sotere,
714 3864 733 3910 a
753 3862 821 3932 quo
840 3848 980 3910 vocatus
994 3838 1037 3909 ad
1055 3836 1268 3909 educandum

254 3954 509 4052 Philadelphum
546 3961 666 4029 luerat.
697 3956 860 4046 Ejusdem
883 3977 1019 4049 quoque
1040 3953 1196 4046 discipuli
1218 3953 1271 4022 di-
