2942 4709
624 277 816 350 ...[ιῆ-

208 430 334 524 saepius
356 452 417 524 per
433 451 602 502 caesuram
620 434 816 525 productae.
851 432 937 504 Tum
970 434 1073 506 etiam
1100 433 1230 506 claudi-

206 556 325 618 cantes
342 548 465 643 bisque
486 548 649 634 cadentes
661 571 802 631 versus,
818 543 891 619 tum
909 571 1033 622 sensus
1058 573 1230 647 vocesque

207 666 507 757 parvuintervallo
519 667 673 759 repetitae
689 722 697 749 ,
715 673 786 736 turn
803 666 1044 760 particularum
1061 670 1231 759 conjunc-

205 782 407 877 tionumque
422 782 639 875 profluentia,
653 785 774 855 rudem
788 784 1075 878 adhucpoeticam
1092 786 1232 857 denun-

206 901 304 972 tiant.
336 903 411 972 lam
443 923 526 972 vero
560 901 721 973 circuitus
749 911 784 974 et
804 904 1014 975 constructio
1043 904 1228 976 verhomm

208 1041 454 1114 nonnunquam
471 1020 551 1091 laxa
569 1029 646 1103 est,
669 1043 748 1091 cum
769 1023 896 1092 nullam
918 1044 991 1092 rem
1005 1023 1124 1113 magni·
1137 1045 1229 1116 pon-

207 1136 299 1206 deris
315 1145 417 1229 poeta
437 1137 564 1230 pingit,
587 1147 621 1208 et
636 1139 822 1210 dormitare
840 1194 848 1221 ,
869 1147 906 1208 ut
922 1139 969 1210 ait
985 1139 1143 1223 Flaccus,
1163 1140 1229 1216 bo·

91 1331 98 1340 ,
208 1274 273 1322 nus
306 1253 479 1324 Homerus
511 1254 660 1325 videtur.
692 1255 847 1348 Denique
877 1255 951 1347 ipsa
976 1255 1033 1327 illa
1055 1244 1224 1349 epitheta,

208 1389 287 1462 quae
306 1369 501 1441 'Homerica
531 1370 620 1441 dicta
650 1380 752 1453 sunt,
788 1379 859 1441 tam
888 1371 1031 1442 feliciter
1063 1372 1183 1443 invent
1218 1430 1226 1456 ‚

208 1493 278 1558 tam
305 1484 435 1556 ssoridis
465 1468 626 1558 distincta
650 1486 842 1568 coloribus,
876 1495 990 1557 tamen
1026 1487 1128 1559 nimis
1164 1490 1230 1561 ite·

209 1611 305 1685 rata,
336 1602 527 1697 iisdemque
558 1603 755 1675 nominibus
788 1605 882 1674 velut
911 1604 1139 1689 adhaerentia,
1159 1629 1241 1692 non

209 1720 292 1790 satis
306 1720 427 1791 artifici
441 1744 544 1792 manu
561 1721 728 1815 disposita
744 1744 822 1793 esse
837 1722 961 1793 merito
979 1722 1126 1793 diceres.

259 1836 379 1907 Procul
408 1837 498 1907 absit
524 1845 562 1906 ut
593 1838 733 1908 Homeri
763 1837 883 1928 gloriae
905 1836 1033 1932 aliquid
1051 1837 1229 1909 detrahere

140 2005 143 2009 -
209 1953 368 2025 velimus.
389 1955 438 2025 Ha
458 1954 710 2025 enim'minima
728 1955 811 2025 vitia
831 1954 906 2044 ejus
931 1954 1124 2048 antiquitati
1141 1977 1229 2026 con-

209 2071 336 2143 donare
353 2072 464 2143 decet.
483 2073 711 2144 Nihilominus
728 2072 811 2141 vitia
834 2071 1057 2164 scriptoribus
1075 2071 1230 2143 Alexan·

209 2188 542 2271 drinisvidebantur3
554 2211 676 2285 neque,
693 2190 723 2260 si
737 2191 840 2259 talem
853 2189 1022 2259 licentiam
1032 2189 1066 2258 in
1079 2189 1229 2260 Homero

212 2331 280 2382 non
304 2310 617 2404 reprehendebant,
641 2332 715 2381 suae
736 2331 873 2405 quoque
892 2309 1004 2379 aetatis
1020 2308 1130 2402 poetis
1149 2328 1230 2402 per-

209 2425 396 2496 misissent.
414 2426 543 2497 lndicia
558 2433 638 2497 sunt
652 2448 772 2497 eorum
786 2426 978 2496 severitatis
994 2431 1043 2495 tot
1056 2432 1230 2519 tantaeque

208 2541 464 2616 emendationes
481 2568 567 2640 quas
585 2546 621 2615 in
635 2546 737 2616 novis
755 2544 869 2615 lliadis
893 2545 1129 2637 Odysseaeque
1151 2543 1230 2615 edi-

208 2660 359 2731 tionibus
373 2683 596 2754 proposuere.
616 2661 703 2732 Nam
718 2659 886 2754 quosdam
899 2681 1021 2731 versus
1039 2681 1080 2730 ea
1099 2666 1230 2729 tanturn

209 2799 312 2848 causa
323 2771 462 2870 ¹spurios
477 2777 694 2867 judicabant,
713 2773 807 2870 quod
824 2797 845 2846 a
862 2776 961 2846 solita
977 2782 1090 2869 poetae
1107 2774 1229 2845 alacri-

209 2902 277 2964 tate
296 2902 331 2965 et
350 2895 475 2964 virtute
492 2895 685 2987 discrepare
702 2893 901 2982 viderentur
919 2875 997 2987 (l).¹
1011 2891 1228 2963 Aristarchus

209 3014 309 3085 obelo
321 3015 462 3086 notabat
468 3014 634 3109 quidquid
647 3036 716 3084 non
728 3012 908 3084 videbatur
920 3033 998 3081 esse
1012 3012 1201 3104 perlectum
1216 3036 1224 3080 :
1279 3087 1283 3094 ,

209 3139 288 3201 ante
304 3153 384 3201 eum
400 3129 610 3212 Zenodotus,
630 3128 748 3198 nimiae
768 3126 977 3199 austeritatis
992 3126 1121 3217 judex,
1142 3126 1228 3196 sim·

210 3246 392 3339 plicitatem
401 3246 503 3323 etiam
516 3267 536 3315 a
548 3244 756 3335 negligentia
766 3244 855 3313 male
867 3241 1086 3325 secernebat,
1100 3241 1227 3337 quippe

210 3364 270 3458 qui
284 3386 406 3434 versus
422 3362 476 3433 bis
503 3384 611 3455 parvo
637 3353 816 3433 intervallo
834 3360 997 3454 repetitos
1020 3359 1079 3455 (ut
1095 3366 1175 3430 sunt
1191 3359 1226 3429 in

212 3481 361 3552 secunda
395 3480 577 3573 rhapsodia
606 3479 701 3550 lovis
727 3479 772 3550 ad
800 3479 966 3549 Somnum
993 3485 1027 3547 et
1045 3477 1162 3548 Somni
1184 3477 1228 3566 ad
1306 3521 1310 3526 -

98 3657 102 3672 ,
212 3599 365 3669 Atridem
380 3596 501 3691 verba)
516 3595 684 3667 tollendos
700 3617 778 3667 esse
792 3594 1016 3666 arbitraretur
1035 3592 1104 3689 (ἓ).

253 3844 291 3929 (l)
309 3848 420 3926 Lehrs,
438 3845 474 3908 dc
488 3843 657 3907 Aristarchi
672 3843 783 3908 studiis
792 3844 976 3921 Homericis,
994 3862 1025 3923 p.
1044 3842 1114 3904 258.

251 3940 290 4030 (b)
309 3948 475 4031 1d.,ibid.,
494 3967 525 4027 p.
543 3945 613 4010 257.
988 3973 990 3976 v
