2942 4709
609 287 656 308 ,-
681 244 730 322 ‘77
760 294 805 304 ..

200 408 276 478 nius
292 401 404 478 dictus
419 415 473 478 est
485 407 625 498 juvenis
641 406 872 497 Argonautica
882 406 1135 506 composuisse.
1155 402 1223 477 Pu-

201 533 251 595 tat
281 525 384 596 etiam
403 519 522 597 Mutter
547 524 707 602 eumdem
727 531 807 594 ante
837 531 984 594 mortem
1010 521 1222 617 Philadelphi

198 643 271 732 jam
288 664 308 712 e
324 640 444 713 Rhodo
460 641 712 741 Alexandriam
740 663 938 724 reversum,
972 649 1075 735 atque
1094 642 1128 711 in
1149 643 1226 713 Mu-

202 781 299 829 seum
324 759 512 830 admissum
535 780 612 830 esse
632 757 700 854 (1).
730 759 841 843 Quam
870 758 1068 852 opinionem
1101 757 1225 830 labella

202 877 349 970 quadam
366 878 410 948 de
428 876 563 948 Sosibio
581 878 805 968 grammatico
831 877 922 970 apud
936 877 1142 947 Athenaeum
1162 900 1223 948 re-

204 1001 319 1085 perta,
338 988 400 1064 ubi
415 994 503 1064 inter
517 993 602 1065 alios
616 993 725 1064 Musei
743 994 872 1065 incolas
888 994 1088 1088 Apollonius
1107 996 1224 1066 nescio

202 1110 282 1203 quis
298 1112 504 1194 nominatur,
526 1111 609 1182 satis
627 1110 863 1182 confirmatam
886 1134 963 1182 esse
983 1112 1127 1183 credidit
1145 1113 1224 1207 (2);

205 1230 382 1302 levissima
406 1231 601 1303 mehercule
627 1232 848 1302 auctoritate!
871 1232 957 1302 Nam
977 1232 1011 1301 in
1027 1232 1103 1325 ipso
1118 1233 1226 1304 Athe-

205 1368 284 1418 naeo
294 1349 437 1429 Α’πόλλων,
451 1368 521 1419 non
533 1354 648 1418 autem
660 1351 822 1424 inaltatur
834 1349 969 1439 legitur.
991 1350 1079 1431 Sed,
1095 1351 1228 1422 etiamsi
1303 1427 1306 1432 ,

204 1460 399 1560 Apollonius
417 1465 485 1556 legi
500 1464 659 1548 deberet,
680 1463 763 1559 quid
781 1465 884 1536 inde?
900 1467 996 1536 Multi
1017 1467 1109 1560 apud
1136 1468 1227 1538 anti-

206 1601 293 1674 quos
321 1581 458 1651 luerunt
491 1580 662 1675 Apollonii
693 1581 886 1661 nominali;
919 1605 983 1653 nec
1012 1585 1096 1654 satis
1126 1585 1230 1655 etiam

130 1691 137 1704 '
205 1698 278 1790 ipsa
314 1697 437 1768 labella
466 1707 558 1769 certa
588 1706 661 1780 est,
700 1706 738 1769 ut
763 1699 848 1769 inde
877 1699 1065 1795 quidquam
1104 1701 1229 1771 inferre

208 1813 334 1905 possis.

256 1910 331 2023 Εὲο
347 1955 431 2004 vero
446 1913 592 2004 arbitror
608 1932 850 2004 Callimachum
882 1957 902 2005 a
931 1933 1115 2028 discipulo,
1139 1937 1230 2008 inci-

209 2051 324 2144 piente
341 2052 523 2141 Evergctae
537 2047 727 2144 principatu
743 2107 750 2133 ‚
769 2062 992 2144 provocatum
1007 2075 1098 2124 esse.
1121 2055 1232 2148 Hym-

209 2187 275 2237 nus
291 2167 385 2237 enim
418 2167 462 2237 ad
491 2167 701 2260 Apollinem,
735 2167 856 2262 inquo
874 2191 952 2239 eum
975 2191 1115 2241 causam
1134 2193 1232 2242 suam
1279 2183 1280 2186 ’

158 2318 164 2330 ·
209 2290 369 2372 agentem
387 2282 555 2365 vidimus,
576 2289 743 2373 regnante
774 2285 943 2376 Euergeta
975 2286 1122 2380 scriptus
1152 2297 1227 2371 est,
1293 2297 1298 2306 ‘

211 2408 358 2471 testante
383 2401 566 2472 scholiasta
593 2399 667 2496 (3);
695 2423 808 2496 neque
830 2403 1015 2474 verisimile
1033 2414 1086 2475 est
1110 2425 1233 2477 versus

213 2540 301 2611 quos
329 2517 429 2600 retuli
452 2517 510 2589 diu
543 2527 622 2611 post
645 2518 817 2613 inceptam
838 2523 1107 2593 controversiam
1129 2524 1235 2606 luisse
1305 2541 1307 2545 ‘

170 2636 173 2641 ’
209 2636 433 2728 compositos3
447 2635 574 2728 alioqui
584 2657 674 2707 uuna
685 2658 755 2707 uon
768 2645 859 2707 esset
868 2636 918 2710 lu
932 2634 1033 2711 locus.
1050 2641 1230 2723 Praeterea,

57 2829 63 2840 ,
215 2774 294 2822 cum
321 2751 545 2823 Callimachus
569 2773 589 2821 a
611 2752 832 2846 Philadelpho
851 2754 1002 2826 maxime
1016 2756 1232 2849 probaretur,

3 2903 5 2914 ν
110 2949 113 2954 ,
213 2868 355 2940 minime
386 2878 616 2963 opportunum
634 2869 757 2941 luisset
778 2893 821 2941 eo
841 2877 995 2965 tempore
1017 2873 1247 2967 opinionibus¹

208 2977 291 3076 ¹ejus
311 2986 485 3058 adversari
502 3042 509 3069 ,
527 3008 607 3057 nam
626 2986 726 3059 simul
742 2988 833 3078 regis
848 2989 1014 3078 judicium
1027 2991 1156 3062 offendi
1172 3012 1237 3084 po-

216 3113 317 3175 terat.
329 3106 448 3176 Novus
455 3089 574 3175 ⁴autem
591 3105 977 3200 principatusincipiens
992 3109 1121 3202 optima
1133 3130 1239 3180 occa-

99 3280 104 3288 .
219 3223 273 3292 sio.
304 3222 348 3293 ad
385 3222 635 3304 obscurandam
676 3224 804 3294 veteris
837 3234 949 3318 poetae
983 3227 1108 3298 lamam
1139 3226 1238 3297 vide-

149 3393 152 3398 <
219 3340 337 3414 hatur]
892 3358 895 3362 ’
1154 3335 1156 3340 ¹

271 3459 424 3553 Denique
437 3458 636 3529 adolescens
652 3457 763 3529 adhuc
779 3482 856 3531 csse
875 3460 992 3532 debuit
1009 3462 1211 3556 Apollonius
1228 3516 1235 3542 ‚

1466 719 1468 806 l

3 3747 5 3760 ’
135 3821 140 3826 ,
264 3742 302 3827 (l)
314 3745 392 3807 Hist.
408 3744 444 3807 do
458 3744 552 3807 l'tcole
564 3693 698 3824 ditem,
716 3753 738 3807 t.
754 3748 777 3825 l,
794 3763 824 3827 p.
844 3713 923 3808 loa

3 3835 5 3868 ²
266 3843 747 3928 (alathen,nnxuseotsu.

265 3945 304 4030 (3)
317 3949 429 4029 Hymn.
444 3946 483 4009 ad
503 3944 617 4028 Apoll,
636 3966 667 4009 v,
686 3948 735 4009 26.
