2942 4709
680 270 873 343 ...δίμ-

522 572 568 649 De
587 576 679 650 ot'tt't't
695 577 780 651 ortis
797 576 1033 652 t'attlmntaa.
1120 611 1121 614 ¹
1182 603 1185 608 ‘

318 843 616 917 praestantissimae
632 854 712 919 sunt
730 849 804 918 sine
824 847 929 918 dubio
948 847 1015 917 ittae
1035 867 1122 943 quas
1142 868 1290 917 enume-

268 962 420 1032 ravimus
428 963 545 1045 dotes,
561 971 595 1033 et
602 963 805 1035 Callimacho
814 965 971 1034 meritam
980 963 1071 1034 docti
1080 955 1288 1057 artificisque

267 1087 380 1170 poetae
399 1081 524 1181 famam
540 1088 759 1181 pepererunt,
775 1084 936 1153 Attamen
956 1103 1024 1152 non
1041 1079 1181 1151 omnino
1194 1080 1287 1152 vitiis

270 1189 320 1263 tot
341 1195 484 1267 virtutes
511 1206 671 1290 expertes
693 1204 803 1268 erant.
829 1198 979 1267 Primum
998 1197 1089 1267 enim
1110 1203 1179 1265 tam
1198 1218 1288 1266 con-

266 1314 361 1385 stans
380 1323 517 1411 tamque
534 1317 672 1390 assidua
688 1318 873 1400 verborum
892 1306 1184 1411 numerorumque
1204 1337 1286 1386 cura

265 1442 497 1504 necesseerat
514 1418 701 1514 sentehtiae
725 1435 949 1505 delumbaret.
969 1434 1064 1505 ldem
1088 1442 1122 1504 et
1145 1432 1286 1525 lsocrati

264 1540 443 1635 evenerat;
466 1554 499 1624 in
518 1575 586 1649 quo
606 1576 762 1648 persaepe
779 1562 938 1626 accurato
955 1538 1124 1625 sermonis
1140 1553 1283 1625 artificio

266 1671 453 1740 occultatur
469 1693 582 1740 rerum
600 1652 799 1763 indigentia.
820 1673 874 1742 Sic
896 1673 931 1742 in
946 1657 1151 1743 Callimacho
1177 1672 1284 1741 multa
1335 1713 1350 1738 ·
1387 1672 1392 1683 '

266 1795 345 1855 sunt
359 1808 438 1880 quae
455 1795 586 1858 tantum
601 1788 726 1883 eloquii
742 1788 968 1871 concinnitate
984 1789 1113 1871 nitent,
1133 1787 1284 1881 alioquin

263 1904 397 1977 infirma
415 1914 474 1977 aut
498 1909 707 1994 communia.
729 1908 942 1999 Argumenta
969 1910 1169 2003 plerumque
1194 1906 1285 1977 vict

227 2098 231 2104 ,
267 2024 463 2095 inventione
484 2033 614 2097 carent.
642 2026 708 2097 Ars
730 2025 821 2096 enim
848 2047 909 2119 per
938 2048 976 2097 se
1005 2027 1080 2121 ipsa
1104 2023 1279 2121 placebat,

264 2164 376 2237 neque
400 2143 528 2214 auxilio
553 2144 799 2233 sententiarum
831 2165 932 2233 egere
954 2144 1146 2240 videbatur.
1183 2144 1284 2226 Quo-

262 2261 418 2333 rumdam
430 2263 533 2333 etiam
542 2285 703 2334 versuum
713 2270 824 2333 totum
836 2263 870 2332 in
881 2249 1049 2354 elegantia
1060 2284 1280 2335 numerorum

260 2387 295 2450 et
310 2381 345 2450 in
365 2402 450 2451 sono
463 2381 610 2473 pretium
626 2389 696 2478 est,
715 2388 754 2451 ut
769 2382 940 2455 istorum:
985 2364 987 2367 ⁵
1196 2387 1198 2396 ’

361 2598 397 2676 ὃς
412 2615 527 2688 μάχεται
543 2617 726 2692 μακάρεσσιν,
745 2620 796 2693 ἐμῷ
810 2617 921 2691 βασιλῆϊ
936 2615 1051 2691 μάχοιτο
1070 2630 1077 2644 ·

323 2775 325 2788 Ι
341 2782 343 2786 ¹
362 2699 443 2777 ὅστις
459 2718 508 2791 ἐμῷ
527 2716 652 2792 βασιλῆϊ,
666 2720 711 2771 καὶ
722 2705 856 2774 intituli
869 2718 992 2792 μάχοιτο.

716 2895 718 2902 y
788 2808 834 2890 (n
848 2808 957 2891 Apoll,
976 2830 1005 2873 v.
1024 2807 1087 2889 no.)

308 3028 437 3099 Eadem
460 3027 703 3118 elegantissimi
722 3027 890 3098 sermonis
918 3027 1125 3099 consectatio
1152 3026 1278 3098 obscu-

260 3145 394 3215 ritatem
411 3141 548 3240 quoque
561 3145 744 3240 aliquando
760 3145 862 3239 parit.
878 3145 965 3217 Nam
983 3152 1032 3215 tot
1047 3144 1152 3215 verba
1163 3166 1273 3228 nova,

259 3245 317 3349 aut
349 3260 500 3344 detorta,
521 3268 580 3331 aut
602 3261 693 3354 apud
714 3269 849 3332 veteres
874 3261 1057 3353 scriptores
1089 3260 1169 3330 hinc
1197 3260 1278 3331 inde

198 3409 200 3418 ‚
257 3378 431 3473 quaesita,
449 3388 682 3473 perpetuaque
699 3378 757 3448 illa
777 3378 847 3471 triti
862 3377 1122 3471 communisque
1139 3375 1276 3447 dicendi

257 3495 393 3586 generis
420 3479 541 3566 vitatio
571 3495 779 3567 laboriosum
810 3495 928 3566 lectori
955 3503 990 3565 et
1021 3493 1156 3565 difficile
1187 3515 1275 3588 opus

258 3619 478 3706 praeparant.⁴
506 3613 661 3706 Denique
700 3612 842 3681 nimiam
883 3611 1083 3681 eruditionis
1121 3618 1275 3682 ostenta-

257 3732 384 3801 tionem
400 3730 435 3799 in
449 3730 603 3824 pluribus
619 3731 703 3801 locis
725 3730 1022 3822 vituperarelicet.
1038 3729 1276 3801 Grammaticae
1303 3733 1304 3736 ’

258 3847 349 3917 enim
371 3845 660 3928 studiosissimus,
689 3856 723 3916 et
751 3846 962 3940 antiquitatis
993 3844 1273 3936 diligentissimus

177 3959 180 3964 ’
261 3965 494 4055 investigator,
513 3964 658 4057 poeticae
675 3953 920 4057 nonnunquam
934 3943 1159 4061 Callimachus
1171 3963 1279 4034 scien-
