2942 4709
651 197 882 313 '-as-

190 458 194 462 ,
278 421 415 469 carmen
449 405 538 479 erat,
561 405 597 467 ut
611 398 682 488 jam
708 397 878 480 diximus
903 399 945 468 de
974 394 1077 469 Cottio
1109 395 1292 480 Berenices,

278 519 370 613 quod
385 518 555 588 interdum
573 518 767 591 invenimus
787 527 858 588 tum
876 518 1070 589 adulatione
1087 540 1157 589 nou
1175 542 1294 612 parum

277 636 469 718 elaborata,
485 644 556 705 tum
570 635 711 708 scientia
719 644 754 704 et
767 636 958 707 eruditione
966 638 1072 706 multa
1086 635 1293 730 respersum.

268 753 484 834 ,Memoratur
503 774 640 846 quoque
657 752 700 823 ab
716 752 838 823 Ovidio
856 749 972 844 Elegia
989 755 1025 823 in
1040 754 1215 847 Cydippen
1237 780 1243 822 2

376 1000 556 1061 Callimachi
572 1002 709 1061 numeris
724 1009 846 1093 nonest
860 1000 1010 1062 dicendus
1027 1002 1181 1080 Achilles3

435 1098 574 1177 Cydippe
589 1116 651 1158 non
666 1106 713 1158 est
729 1100 810 1184 oris,
830 1100 976 1179 Homero,
994 1101 1059 1179 tui,

275 1317 373 1406 cujus
403 1316 477 1409 ipse
508 1318 625 1387 titulus
659 1301 847 1388 fabulosam
882 1318 1085 1412 doctamque
1116 1319 1293 1388 materiam

272 1433 407 1504 videtur
428 1434 590 1505 indicare.
917 1445 919 1450 ’

325 1550 485 1621 Attamen
518 1550 761 1638 Callimachus
796 1552 873 1622 licet
903 1552 1152 1622 reconditarum
1181 1574 1294 1623 rerum

274 1664 494 1759 scientiaeque
524 1658 601 1759 plus
631 1688 732 1762 aequo
759 1668 951 1761 inquisitor,
971 1690 1040 1738 non
1064 1669 1138 1760 sine
1158 1678 1296 1762 pectore

275 1780 350 1851 luit.
393 1779 510 1852 Molles
550 1772 664 1852 autem
700 1763 906 1878 tenerosque
945 1806 1068 1855 sensus
1100 1785 1135 1853 in
1169 1785 1296 1875 Elegiis

276 1897 404 1992 saepius
418 1891 649 1993 exprimebat.
672 1903 835 1971 Amorem
856 1902 998 1983 cecinit,
1019 1910 1053 1972 et
1083 1903 1181 1972 novit
1203 1902 1290 1995 ipse.

272 1999 427 2087 Testatur
454 2013 549 2088 enlm
566 2018 709 2089 ovidius*
740 2019 774 2088 tn
802 2014 959 2091 retectus
988 2019 1058 2114 (u,
1087 2018 1178 2113 aas)
1214 2042 1294 2089 eum

274 2157 367 2229 saepe
397 2139 524 2228 legenti
557 2134 792 2209 deliciantem
823 2137 1002 2236 confessam
1032 2161 1113 2218 este;
1142 2139 1294 2233 dicitque

273 2253 384 2323 alias:

375 2485 595 2547 Callimachum
610 2486 724 2567 fugito,
744 2504 806 2546 non
822 2494 869 2546 est
884 2487 1030 2548 iuimicus
1045 2469 1155 2549 amori.>

263 2688 427 2781 Denique
456 2662 619 2759 nonnulla
637 2647 883 2782 epigrammata
905 2689 1076 2761 Battiades
1100 2690 1174 2783 ipse
1192 2669 1292 2760 nohis

272 2809 430 2903 reliquit,
453 2831 532 2903 quae
550 2817 726 2879 sunt-vere
748 2811 916 2893 amantis,
936 2818 1058 2905 neque
1071 2809 1293 2880 infecundum

274 2951 350 2997 eunt
376 2928 481 2997 luisse
495 2928 534 2996 in
553 2927 778 3020 depingendis
802 2927 981 2998 affectibus
1000 2927 1203 2998 confirmant
1220 2927 1289 3021 (l).
1333 2911 1335 2914 ¹

272 3046 405 3130 Quibus
422 3047 535 3117 causis
547 3023 645 3117 valde
656 3047 893 3118 desiderandae
905 3056 984 3117 sunt
996 3047 1125 3137 Elegiae
1143 3073 1150 3115 ι
1168 3070 1292 3141 nempe

270 3166 305 3234 in
322 3165 372 3234 eis
387 3164 611 3235 Callimachus
625 3188 745 3235 omnes
764 3166 846 3236 artis
869 3187 942 3235 suae
963 3166 1209 3235 concinnitates
1225 3189 1294 3234 ex-

271 3304 429 3376 promere
448 3282 582 3365 debuit,
604 3305 680 3353 cum
699 3284 911 3376 praecipuum
928 3284 1036 3377 ipsius
1050 3305 1137 3375 opus
1155 3291 1287 3363 essent;

274 3401 420 3495 ideoque
430 3395 660 3473 abundantem
675 3401 851 3471 materiam
859 3402 903 3472 ad
911 3401 1127 3504 formandum
1136 3409 1291 3472 nostrum
1323 3489 1328 3496 p

268 3517 310 3587 de
325 3528 429 3611 poeta
444 3528 478 3589 et
496 3518 539 3589 de
554 3520 628 3609 ejus
643 3519 775 3589 ratione
793 3520 957 3610 judicium
978 3520 1201 3602 haberemus,
1223 3520 1289 3588 nisi

271 3659 347 3708 eam
365 3639 464 3709 nobis
482 3648 617 3732 tempus
633 3639 826 3712 invidisset.
1273 3629 1276 3634 ⁸

636 3763 643 3792 χ
706 3807 708 3813 t

311 3968 348 4060 (l)
364 3969 433 4032 Vid.
451 3972 625 4049 praesertim
636 3973 743 4055 Epiqr.
764 3973 864 4033 XLHI
872 3982 903 4034 et
918 3991 965 4051 sq.
