2942 4709
615 279 808 355 *tl-

201 437 302 508 istam
335 438 560 510 imitationem
582 439 722 509 Homeri
751 460 820 508 non
841 438 981 534 omnino
1006 438 1118 520 exuit,
1146 434 1223 508 licet

201 558 404 628 suavitatem
420 558 605 652 quamdam
626 558 796 629 sermonis
823 558 996 650 propriam
1016 558 1143 629 habere
1166 559 1225 628 vi-

201 673 333 744 deatur.
354 674 460 755 Nam,
484 696 530 743 ex
546 674 747 763 fragmentis
765 675 839 764 ejus
857 695 936 766 quae
953 684 1138 767 supersunt
1169 697 1225 745 ra-

203 791 366 873 rissimis,
382 814 489 861 unum
511 800 563 862 est
577 790 621 862 ab
639 792 808 862 Athenaeo
824 775 969 861 relatum
986 849 993 875 ,
1015 793 1050 861 in
1069 815 1138 887 quo
1152 793 1224 888 Ho-

203 909 327 978 menica
345 893 494 1001 epitheta
516 907 829 1001 deprehenduntur,
861 895 1055 1003 ῥοδοδάκτυλος
1077 932 1147 994 aaa,
1172 934 1223 991 aa<

134 1055 138 1107 J
201 1029 344 1102 apotesia,
369 1026 599 1119 frequentiore
611 1048 676 1096 usu
690 1024 896 1117 jampridem
915 1024 993 1095 trita
1008 1033 1042 1094 ct
1057 1011 1228 1115 vulgatis-

205 1140 291 1209 sima
311 1138 381 1233 (1).
1080 1232 1083 1237 Ι

252 1255 494 1328 Gnomicorum
530 1259 613 1352 satis
660 1260 791 1347 largam
828 1257 1053 1350 reliquiarum
1091 1258 1225 1350 copiam

111 1412 115 1420 ·
202 1374 394 1454 habemus;
425 1375 487 1445 sed
513 1375 548 1444 in
567 1376 609 1444 iis
627 1374 769 1445 artificia
794 1374 953 1445 dictionis
981 1374 1125 1467 poeticae
1156 1397 1225 1446 non

193 1491 413 1584 requirenda
444 1501 535 1562 sunt.
565 1492 681 1563 Potius
711 1493 802 1562 enim
830 1514 994 1563 sensuum
1023 1492 1224 1563 brevitatem

206 1629 310 1701 quam
346 1607 564 1678 versificandi
603 1609 832 1698 elegantiam,
875 1629 999 1697 graves
1043 1607 1231 1678 'sententias

207 1747 311 1819 quam
338 1725 604 1795 concinnitatem
629 1725 794 1795 orationis
817 1733 1069 1826 consectantur.
1100 1725 1226 1795 lisdem

207 1845 249 1914 de
276 1845 390 1914 causis
408 1843 540 1915 'missos
568 1845 654 1914 facio
682 1844 924 1937 philosophos,
954 1841 1223 1936 Xenophanem,

209 1964 467 2045 parmenidem,
489 1964 783 2057 recentioremque
799 1964 841 2033 iis
858 1963 1122 2063 Empedoclem,
1145 1965 1221 2058 qui,

207 2082 366 2178 quamvls
409 2081 559 2151 carmina
608 2081 840 2162 condiderint,
896 2081 947 2149 iu‘
976 2089 1049 2151 arte
1096 2082 1229 2174 poetica

211 2199 365 2288 magistri
380 2221 492 2292 neque
511 2199 664 2279 fuerunt,
681 2220 793 2292 neque
810 2220 887 2267 esse
899 2197 1091 2269 voluerunt.
1108 2200 1229 2270 Nullus

198 2315 300 2402 *enim
334 2337 383 2385 >ex
413 2316 467 2386 his
496 2315 655 2385 omnibus
689 2316 723 2385 in
756 2303 965 2386 ordinem'a
1000 2317 1231 2407 grammaticis

208 2433 325 2503 datum
355 2434 443 2504 inter
478 2442 598 2527 poetas
632 2434 748 2527 epicos
777 2441 835 2503 ant
862 2434 1031 2524 elegiacos
1059 2436 1230 2506 admissus

145 2581 148 2588 ’
198 2559 277 2621 est.
955 2611 957 2614 ,

241 2669 396 2760 ltaque,
431 2668 459 2737 si
489 2665 532 2737 ad
561 2688 621 2738 eos
651 2670 1040 2751 tantumrattendimus,
1063 2670 1123 2763 qui
1148 2691 1230 2740 vere
1263 2667 1265 2670 ’

156 2880 159 2885 .
208 2783 355 2854 artifices
385 2775 548 2854 versuum
568 2784 777 2868 terebantur,
810 2787 845 2856 in
870 2788 933 2857 hae
964 2788 1074 2880 prima
1105 2795 1226 2869 aetate,

213 2926 333 2974 omnes
350 2904 490 2973 Homeri
505 2897 576 2974 non
592 2906 702 2976 solum
720 2905 897 2999 discipuli,
919 2907 979 2977 sed
996 2915 1089 3000 saepe
1104 2908 1227 2990 etiam,
1332 2902 1334 2907 ’

156 3009 161 3012 ’
212 3022 300 3115 epici
327 3022 537 3114 praesertim,
567 3022 756 3094 imitatores
787 3025 878 3094 servi
902 3026 1009 3095 luere.
1037 3024 1127 3096 Nihil
1151 3025 1231 3096 novi

214 3142 258 3209 in·
272 3148 344 3238 arte
361 3141 493 3232 poetica
521 3141 584 3210 luit
600 3141 798 3223 inventum,
818 3125 901 3212 nihil
918 3143 1091 3223 additum;
1114 3146 1231 3235 magni

214 3259 302 3329 vatis
332 3258 448 3348 lingua
473 3260 562 3328 tacta
584 3266 637 3328 est
663 3247 817 3329 omnium
847 3260 1058 3342 communiS,
1089 3262 1232 3355 ejusque

213 3397 335 3445 versus
357 3376 516 3447 omnibus
542 3375 654 3464 modis
686 3385 767 3446 suot
793 3378 970 3448 recantati.
988 3378 1084 3449 Certe
1102 3378 1234 3469 dignis-

214 3490 338 3560 simum
377 3492 595 3561 aemulatione
631 3492 694 3561 luit
735 3495 802 3562 tale
840 3495 1038 3586 exemplam
1081 3502 1232 3565 attamen

215 3630 356 3678 necesse
380 3616 453 3678 erat
477 3608 703 3701 pulcherrima
727 3609 867 3681 Homeri
893 3610 1052 3693 artificia,
1085 3633 1148 3703 per
1181 3616 1231 3681 tot

215 3733 391 3817 poetarum
426 3748 548 3797 manus
578 3728 676 3820 quasi
704 3728 847 3809 tradita,
882 3729 1042 3820 paulatim
1077 3728 1233 3800 obsoles-

259 3970 296 4053 (t)
310 3951 508 4053 teneasne.
524 3973 584 4052 xr,
601 3943 675 4033 sect}
695 3973 744 4034 ae.
