2942 4709
658 222 852 290 ...66-

237 403 268 508 ..
346 454 404 516 Sed
421 472 520 532 neque
535 411 707 534 Phlegraeos
719 457 804 516 Jovis
819 454 1024 532 Enceladique
1041 457 1192 516 tumultus

407 554 529 614 intonet
542 563 673 633 apgusto
689 561 813 646 pectore
824 554 1039 615 Callimachus.

245 772 359 842 Animi
391 772 493 862 igitur
522 772 687 864 impetum
714 779 787 842 arte
824 773 982 865 supplere
1005 771 1140 851 debuit3
1165 780 1268 865 atque

171 874 175 879 ⁸
245 887 340 968 ide0,
366 887 505 988 siqua
536 894 633 956 erant
658 886 761 977 hujus
791 887 874 957 artis
904 886 1006 968 vitia,
1034 908 1176 957 necesse
1205 888 1269 957 fuit

244 1005 356 1095 magis
372 1014 590 1097 apparerent.

296 1123 426 1216 Elegiae
470 1128 601 1195 autem
632 1124 793 1194 materias
838 1122 1041 1193 Callimacho
1079 1122 1270 1194 afferebant

206 1320 208 1324 ,
246 1244 396 1313 maxime
414 1243 522 1336 ipsius
552 1242 691 1333 ingenio
710 1248 953 1331 congruentes,
977 1241 1027 1312 Ea
1043 1242 1135 1312 enim
1153 1242 1268 1335 operis
1321 1297 1332 1304 .

140 1376 146 1388 ·
246 1365 358 1434 forma
397 1357 566 1432 brevitate
611 1361 760 1456 quadarn
799 1360 953 1451 gaudet,
988 1362 1268 1457 sententiolisque

244 1482 379 1552 modico
403 1480 587 1550 verborum
615 1480 746 1550 ambitu
770 1459 957 1571 expressis,
980 1481 1069 1550 Nihil
1093 1463 1264 1573 amplum,

244 1600 328 1669 nihil
361 1596 490 1689 grande
523 1618 650 1667 sonans
695 1597 838 1689 expetit.
876 1596 967 1680 Quid
1009 1605 1124 1667 autem
1161 1598 1271 1669 nostri

246 1724 359 1808 poetae
376 1714 486 1786 doctis
503 1712 654 1784 artificiis
670 1713 780 1804 magis
795 1716 935 1806 aptum?
953 1714 1071 1808 ltaque
1094 1716 1269 1806 Hymnum

248 1840 283 1908 in
300 1839 448 1908 Lavacra
464 1837 631 1918 Palladis,
652 1836 711 1930 qui
729 1836 880 1926 elegiaco
902 1843 1010 1907 metro
1028 1836 1175 1930 scriptus
1194 1837 1266 1919 est,

246 1961 343 2031 multi
392 1982 462 2030 non
506 1959 677 2060 immerito
717 1959 984 2052 pulcherrimum
1011 1958 1265 2049 judicaverunt.

246 2078 402 2170 Namque
423 2075 526 2145 rebus
544 2052 805 2151 venustedictis
829 2075 949 2166 plenus
972 2080 1044 2156 est,
1064 2075 1271 2168 descriptio-

246 2194 415 2286 nihusque
438 2192 632 2272 concinnis,
652 2212 732 2286 quae
764 2179 833 2260 non
855 2192 932 2284 plus
958 2190 1093 2262 duohus
1115 2192 1273 2261 versibus

249 2309 484 2390 continentur;
524 2314 562 2378 ut
601 2295 653 2378 est
691 2329 731 2376 ea
777 2328 857 2401 quae
896 2309 1002 2377 Deam
1042 2309 1270 2402 comitemque

248 2427 436 2519 nympham
481 2425 515 2494 in
556 2424 790 2516 Hippocrenes
830 2417 980 2517 lymphis
1026 2447 1063 2496 se
1116 2427 1272 2496 lavantes

193 2557 195 2570 ·
248 2544 400 2635 depingit
419 2542 470 2637 (v.
491 2541 552 2622 71,
573 2539 665 2634 7a);
685 2551 743 2612 aut
770 2564 810 2612 ea
840 2564 919 2636 quae
935 2542 1076 2613 Tiresiae
1096 2552 1270 2637 stuporem

243 2663 426 2756 exprimit,
477 2668 660 2755 postquam
690 2669 789 2732 eum
833 2665 943 2733 Pallas
980 2686 1111 2735 caecum
1156 2665 1270 2734 effecit

151 2793 155 2802 '
250 2781 300 2875 (v.
335 2780 400 2862 83,
435 2777 511 2872 cl).
539 2778 679 2849 Accedit
707 2787 821 2850 autern
848 2779 943 2875 quod
966 2781 998 2850 in
1020 2781 1149 2872 Elegiis
1167 2782 1274 2851 Calli-

246 2899 406 2968 machum
437 2897 575 2965 mollem
609 2904 833 2989 tenerumque
865 2897 970 2967 fuisse
1001 2897 1110 2968 aiunt.
1140 2897 1272 2981 Quibus

250 3016 362 3087 causis
401 3012 561 3085 omnihus
605 3033 777 3083 summum
817 3014 917 3084 istius
952 3014 1089 3104 generis
1125 3035 1273 3107 poeseos

256 3132 400 3223 gradum
420 3130 576 3218 obtinere
593 3117 723 3216 debuit.

377 3463 378 3470 κ
446 3408 493 3484 Dc
511 3409 863 3510 Epigrammott'tm-ot
879 3414 1086 3512 fragmentis,

299 3648 351 3719 Oh
363 3647 502 3726 easdem
518 3617 654 3742 quoque
670 3669 792 3732 causas
808 3647 996 3742 prinoipem
1010 3648 1116 3720 fnisse
1131 3650 1167 3719 in
1188 3651 1276 3744 Epi-

252 3766 499 3858 grammatihus
519 3765 760 3836 Callimachum
774 3765 933 3837 arbitror.
953 3766 1042 3850 Quid
1056 3768 1147 3838 enim
1164 3768 1276 3838 artili-

251 3884 312 3968 ciis
341 3885 415 3975 ejus
434 3882 544 3975 magis
578 3883 731 3965 favebat,
753 3906 857 3978 quam
876 3885 1097 3957 sententiolas
1126 3908 1270 3969 acuere,
