2942 4709
649 293 835 362 ..8ss-

333 578 492 640 Artificem
504 595 634 664 sperno,
650 579 850 658 profitentem
865 579 1004 642 attollere
1016 598 1136 658 muros,

335 682 429 755 Queis
441 682 561 760 apicem
574 682 687 743 montis
699 700 855 742 summum
868 680 1083 742 Oromedontis
1097 680 1240 759 adaequet
1252 701 1259 753 ς

337 780 396 842 Odi
410 788 441 841 et
457 780 611 842 Pieridum
626 782 786 859 comitem,
802 783 856 859 qui
871 787 994 860 gutture
1009 798 1119 858 rauco,

331 879 424 958 Irrita
443 886 588 958 conatus,
608 896 679 939 cum
694 877 802 957 grandi
818 884 917 939 certat
929 879 1060 938 Homero
1073 875 1122 958 (l).

249 1122 251 1126 ’
285 1134 408 1204 Aratus
440 1142 474 1203 et
499 1124 669 1204 Nicander
691 1135 803 1225 magis
822 1135 923 1204 etiam
958 1133 1058 1205 nohis
1076 1134 1260 1204 ostendunt

236 1259 446 1346 quantopere
487 1252 578 1345 apud
610 1253 749 1323 Graecos
781 1274 902 1323 omnes
937 1274 993 1322 ars
1029 1251 1258 1323 Alexandrina

236 1372 375 1459 accepta
389 1366 502 1436 fuerit.
521 1366 632 1438 Ambo
648 1367 763 1449 enim,
784 1388 979 1461 quanquam
996 1389 1085 1437 nnus
1102 1366 1136 1458 in
1150 1368 1261 1437 Mace·
1378 1397 1381 1402 ·

236 1482 359 1562 donia,
382 1483 466 1551 alter
487 1482 522 1551 in
553 1479 636 1552 Asia
662 1482 853 1573 degerunt,
874 1483 960 1552 adeo
989 1482 1259 1553 Alexandrinum

236 1582 386 1670 colorem
413 1598 561 1680 duxere,
588 1605 625 1668 ut
653 1620 734 1669 vere
764 1621 824 1669 eos
853 1600 1048 1697 Callimachi
1074 1599 1259 1692 discipulos

237 1719 384 1797 diceres,

283 1837 379 1910 Arati
395 1836 552 1917 materia,
569 1834 759 1905 eruditione
768 1844 806 1906 et
814 1837 955 1907 scientia
972 1839 1072 1929 plena
1085 1892 1092 1918 ‚
1106 1837 1258 1907 maxime

236 1955 407 2048 AEgyptiis
419 1954 568 2045 ingeniis
583 1955 717 2046 plaeere
733 1953 871 2034 debuit;
889 1954 1018 2047 quippe
1036 1955 1200 2047 quaejam
1218 1952 1262 2023 ab

236 2095 306 2143 uno
318 2094 363 2141 ex
378 2070 607 2142 celeberrimis
627 2070 736 2141 Musei
754 2071 885 2163 poetis
908 2070 1105 2142 Alexandro
1124 2072 1257 2151 AEtolo,

238 2198 381 2261 tractata
409 2190 529 2260 eodem
559 2197 714 2283 ternpore
739 2191 867 2260 feratur
884 2189 952 2283 (ἲ).
972 2191 1011 2259 ln
1033 2189 1262 2282 descriptione
1283 2218 1287 2223 ·

237 2309 291 2379 illa
315 2307 485 2389 siderum,
504 2300 547 2378 ¹ut
567 2307 614 2377 ait
629 2307 878 2390 Quintilianus
901 2318 1095 2379 maturaret
1112 2308 1263 2410 Solensis

239 2437 355 2507 vates;
383 2428 584 2520 plerumque
612 2425 728 2496 aridus
747 2434 781 2495 et
800 2426 900 2497 exilis
920 2407 986 2496 est.
1002 2424 1087 2507 Sed,
1104 2425 1133 2496 si
1151 2426 1187 2495 in
1205 2427 1262 2496 illo

240 2540 1262 2638 nonpoetam,sedconditoremversuumquaeras‚delectum

240 2662 425 2734 verborum
442 2662 768 2755 sempernptimum
791 2661 971 2743 invenieS,
993 2661 1158 2731 ambitum
1181 2683 1264 2731 ora-

187 2773 191 2780 ’
244 2780 346 2850 tionis
375 2779 459 2849 scite
480 2778 633 2866 finitum,
666 2787 813 2848 metrum
834 2798 1012 2859 severum,
1028 2798 1199 2850 wnumeros
1219 2778 1263 2848 ad

226 2895 502 2967 ¹delectationem
524 2896 668 2965 ‘aurium
702 2894 844 2964 feliciter
875 2894 1069 2965 modulatos
1082 2941 1096 2976 ,2
1117 2893 1265 2987 denique
1367 2895 1369 2898 ’

242 3015 342 3085 docta
371 3014 486 3084 omnia
502 3035 522 3083 a
538 3012 769 3103 grammaticis
793 3011 969 3089 nobilitata
998 3011 1151 3083 artificia.
1172 3011 1266 3094 Quas

240 3109 385 3206 rirtutes
430 3131 477 3204 in·
502 3152 543 3201 eo
577 3129 801 3202 Callimachus
836 3128 1008 3199 laudabat.
1042 3128 1137 3199 Arati
1171 3128 1263 3198 enim

245 3249 417 3343 eloquium
436 3261 544 3326 λεπτόν,
567 3246 601 3315 id
632 3236 685 3316 est
717 3245 842 3315 subtile
869 3267 909 3315 ao
929 3244 1110 3315 delicatum
1142 3253 1261 3323 vocat;

243 3377 345 3464 atque
373 3376 548 3439 auctorem
566 3367 678 3459 ipsum
702 3365 843 3436 Hesiodi
872 3364 1032 3435 callidum
1060 3365 1265 3435 imitatorem

238 3486 392 3576 judicat,
414 3485 448 3554 in
468 3484 535 3555 isto
551 3482 643 3578 quod
661 3489 817 3575 superest
834 3483 908 3572 ejus
927 3469 1170 3575 epigrammate
1191 3507 1198 3549 :

281 3815 320 3898 (l)
332 3817 457 3877 Theocr.
475 3813 563 3895 Idyll.
582 3814 654 3893 Vll,
674 3813 767 3873 mli.
785 3845 826 3862 -
841 3811 885 3875 Cf.
908 3812 1071 3889 Weiclrcrl,
1088 3831 1119 3891 p.
1139 3812 1195 3888 39,
1213 3809 1266 3869 ubi

250 3915 302 3975 hic
315 3915 399 3975 locus
413 3914 597 3974 illustratur.

285 4010 325 4096 (i)
336 4014 492 4095 lleineke‚
508 4009 648 4075 Analecta
663 4008 895 4093 Akaenndrino,
909 4031 940 4091 p.
960 4011 1030 4072 all.
