2942 4709
649 220 840 289 -58-

240 373 467 466 reperiuntur.
486 374 606 446 Fateor
635 376 813 469 equidem;
840 398 952 469 neque
979 376 1102 447 horum
1131 377 1251 447 inven-

238 496 346 559 torem
363 488 601 561 Callimachum
617 512 694 562 esse
710 491 893 562 contendo.
915 492 982 562 Sed
999 515 1103 563 nemo
1118 514 1158 562 ea
1183 501 1252 563 tam

239 608 409 678 constanti
436 614 574 702 tamque
590 616 755 703 perpetuo
781 609 894 680 studio
917 609 952 679 in
970 611 1082 680 lucem
1098 611 1249 704 protulit.

238 723 407 793 Homerus
426 723 508 794 artis
525 745 597 794 suae
618 725 716 819 quasi
741 712 810 795 non
826 725 1003 807 consciuS,
1029 747 1093 796 nec
1117 727 1151 796 in
1171 725 1254 796 locis

192 869 196 877 ·
240 839 399 922 omnibus
422 840 546 911 artifex
569 847 622 911 est
650 867 656 909 :
690 842 752 911 sed
776 840 856 911 cum
882 863 1026 932 magnas
1056 855 1117 912 res¹
1136 849 1257 911 tractat

238 954 450 1049 poeticisque
471 955 643 1027 coloribus
669 957 830 1037 idoneas,
861 962 931 1027 tuin
950 960 1051 1051 plane
1069 965 1122 1028 est
1146 957 1263 1028 admi-J.

239 1073 374 1154 rabilis;
403 1096 528 1167 parvas
545 1082 659 1148 autem
687 1085 721 1144 et
740 1066 930 1147 mediocres
947 1098 1102 1169 persaepe
1121 1077 1256 1168 simpli-

242 1190 325 1260 citer
342 1200 376 1261 et
392 1192 564 1285 incompte
585 1201 713 1264 narrat.
740 1195 882 1284 iugenio
899 1194 990 1263 enim
1013 1180 1160 1276 ducitur,
1180 1194 1255 1265 Cal-

246 1307 411 1378 limachus
431 1308 598 1379 doctrina.
618 1309 737 1381 Nullus
749 1310 851 1399 igitur
863 1311 933 1380 fere
949 1311 983 1379 in
999 1312 1123 1381 Nostro
1138 1332 1258 1381 versus

242 1432 311 1506 est,
342 1425 397 1495 cui
421 1447 490 1495 non
520 1427 564 1496 sit
587 1448 670 1498 suus
687 1427 810 1509 decor,
840 1428 898 1522 qui
926 1449 995 1497 non
1013 1421 1128 1497 decies
1144 1427 1257 1497 incudi

243 1541 287 1612 sit
304 1542 477 1624 redditus,
501 1534 603 1637 atque
620 1544 664 1613 ad
680 1566 830 1635 unguem
847 1545 1031 1636 perlectus,
1053 1537 1129 1614 Non
1140 1522 1262 1614 ’tamen

206 1703 209 1708 ‚
242 1656 424 1727 continuus
440 1656 496 1726 ille
517 1657 613 1727 labor
634 1651 773 1728 taedium
802 1651 907 1751 parit;
931 1679 1011 1731 nam
1029 1659 1199 1740 variatur,
1223 1663 1257 1725 et
1289 1734 1292 1738 ,

241 1763 346 1844 verba
360 1782 496 1867 semper
512 1774 556 1844 ad
572 1775 774 1850 sententiam
789 1783 993 1846 consonant.
1015 1774 1259 1845 Callimachum,

243 1893 383 1975 minime
411 1893 604 1974 Claudiano·
629 1880 922 1998 comparaverim,
970 1896 1004 1964 in
1044 1916 1114 1990 quo
1143 1894 1265 1965 eadem

212 2031 214 2036 ⁴
241 2003 378 2106 quoque
402 2012 619 2084 versificandi
642 2036 724 2084 cura
742 2015 944 2096 celebratur,
972 2012 1033 2084 sed
1054 2036 1134 2108 quac
1154 2013 1258 2082 nimia

241 2152 465 2224 numerorum
502 2131 721 2202 similitudine
761 2132 897 2202 fastidio
932 2138 1111 2212 est,-„non
1146 2130 1260 2201 delec-

248 2248 381 2318 tationi.
419 2239 422 2246 ’
800 2259 802 2263 ‘
1004 2331 1006 2338 Α
1178 2229 1183 2268 ⁷

292 2366 367 2436 Jam
381 2386 464 2442 vero
485 2364 528 2435 ad
541 2364 731 2436 ornandam
747 2366 936 2462 orationem
951 2365 1101 2456 maxime
1117 2363 1262 2434 usitatus

243 2481 448 2552 Callimacho
496 2501 572 2552 mos
623 2491 694 2564 est,
725 2463 847 2579 'quem
892 2481 1152 2574 praetermittere
1195 2501 1264 2549 non

242 2620 403 2693 possum,
439 2601 567 2685 scilicet
605 2601 742 2698 propria
769 2621 995 2700 personarum
1026 2608 1085 2669 aut
1104 2579 1262 2669 locorum

244 2717 384 2788 nomina
401 2708 446 2787 ⁴in
475 2709 596 2790 vicem
614 2719 848 2789 communium
879 2717 1130 2788 vocabulorum
1162 2716 1265 2786 adhi-

211 2875 223 2914 ς
244 2835 369 2914 bandi,
391 2835 452 2905 His
470 2836 560 2905 enim
585 2858 742 2929 persaepe
770 2836 876 2905 utitur
903 2843 1066 2934 tanquam
1091 2833 1262 2926 epithetis,

195 2979 197 2984 Χ
244 2974 353 3047 eaque
387 2953 746 3025 circumlocutionibus
779 2949 970 3034 interserit,
1003 2952 1162 3022 videlicet
1201 2951 1266 3021 hoc

244 3070 387 3140 consilio
420 3069 560 3150 ductus,
595 3069 688 3164 quod
717 3068 913 3160 jamdixi,
944 3091 994 3137 »ne
1025 3068 1109 3162 quid
1142 3059 1267 3160 eloquii

243 3186 396 3280 vulgaris
443 3189 590 3258 retinere
630 3174 799 3259 videatur.
841 3187 940 3257 ‘Talia
987 3186 1078 3255 enim
1127 3184 1266 3254 nomina

240 3316 387 3378 attentas
406 3327 506 3376 aures
527 3307 664 3376 lectoris
684 3306 831 3384 iaciunt,
854 3326 995 3398 remque
1020 3301 1269 3393 significantius

245 3423 430 3506 definiunt,
460 3430 494 3492 et
526 3422 620 3517 quod
651 3422 801 3517 alioquin
828 3421 1012 3516 obscurum
1042 3427 1133 3490 esset
1162 3419 1270 3489 nitere

245 3549 385 3634 cogunt.
411 3541 530 3634 ltaque
557 3542 591 3610 in
621 3542 759 3634 Hymno
793 3539 837 3611 ad
868 3538 1021 3621 Pallada,
1060 3560 1138 3609 cum
1171 3536 1300 3628 jubet
1399 3604 1401 3607 Α

246 3668 343 3730 vates
378 3658 522 3728 famulas
557 3658 703 3748 Argivas
752 3678 821 3727 non
861 3677 907 3726 ex
938 3655 1084 3737 lnacho,
1125 3653 1186 3725 sed
1225 3676 1271 3723 ex

246 3773 399 3846 lontibus
432 3772 555 3843 vicinis
575 3759 701 3867 aquam
735 3771 895 3854 haurire,
931 3772 995 3842 hos
1030 3770 1124 3863 ipsos
1160 3771 1272 3840 fontes

247 3894 385 3966 nomine
397 3893 582 3984 designat,
605 3888 807 3987 Physconem
827 3899 861 3962 et
878 3887 1119 3986 Ampmortem:
