2942 4709
652 315 697 328 ..-
725 274 772 344 [ιὸ
802 311 847 325 .-

289 429 413 502 Verum
430 432 604 532 enimvero
619 433 836 504 Homericam
861 431 952 500 iilam
971 430 1139 522 poetieam
1155 485 1162 510 ,
1181 430 1259 501 iicet

239 545 408 619 interdum
431 547 571 630 rudem,
591 570 723 619 omnes
748 548 871 641 primae
900 546 1012 636 aetatis
1044 546 1132 639 epici
1163 555 1260 617 vates

237 664 360 736 ‘imitati
378 673 476 745 sunt,
494 664 567 734 sine
581 666 647 736 ulla
661 666 744 735 honi
763 671 822 735 aut
835 663 915 733 mali
933 663 1163 734 distinctione.
1180 664 1262 734 Ete-

239 785 310 852 nim
345 783 378 868 in
413 783 614 872 fragmentis
652 782 860 876 cyclicorum
890 801 969 875 quae
1001 789 1207 874 supersunt,
1242 802 1262 850 a

237 899 372 969 Stasiuo
389 899 467 979 illo,
488 899 641 969 omnium
665 899 926 994 antiquissime,
964 898 1008 969 ad
1034 897 1258 977 Pisandrum,

178 1085 181 1096 ,
239 1019 299 1111 qui
317 1018 424 1086 fertur
442 1016 574 1087 vixisse
594 1018 720 1087 saeculo
740 1028 819 1087 ante
839 1016 1007 1086 Christum
1026 1017 1186 1109 septimo,
1206 1037 1262 1087 re-

241 1138 418 1230 periuntur
451 1137 584 1226 integra
614 1139 703 1210 vatis
742 1137 847 1207 lonici
872 1135 1113 1218 hemistichia,
1141 1135 1261 1206 eadem

239 1255 389 1347 epitheta
407 1253 529 1323 iisdem
545 1253 741 1340 nominihus
759 1241 939 1344 adjuncta,
956 1253 1104 1348 denique
1120 1252 1262 1324 artificia

203 1379 205 1384 '
238 1370 453 1441 versificandi
475 1359 615 1441 omnino
635 1369 770 1441 similia.
791 1372 929 1441 Frustra
956 1371 1038 1442 novi
1052 1370 1181 1464 ahquid
1204 1364 1282 1440 vei

241 1489 275 1556 in
290 1488 404 1557 verbis
422 1489 477 1557 vel
495 1487 530 1555 in
547 1487 724 1557 sententiis
742 1488 960 1582 exquireres;
981 1487 1097 1557 omnia
1114 1488 1170 1557 iila
1186 1510 1262 1558 car-

242 1609 335 1677 mina
352 1628 421 1676 una
445 1629 490 1676 ex
508 1607 643 1677 officina
660 1608 787 1698 exiisse
804 1607 982 1688 videntur,
1010 1629 1122 1701 neque
1134 1608 1264 1679 miran-

239 1724 321 1794 dum
342 1730 395 1792 est
418 1722 448 1792 si
470 1724 568 1815 plura
597 1724 749 1793 Homero
767 1724 851 1793 salse
869 1723 1040 1815 adscripta
1060 1731 1139 1793 sunt
1160 1749 1167 1793 :
1188 1725 1262 1814 ejus

239 1845 336 1926 facite
351 1864 428 1913 esse
448 1842 597 1925 diceres,
617 1843 684 1913 nisi
703 1844 878 1934 ingenium
901 1842 1050 1912 deesset.
1072 1844 1149 1935 Ipse
1168 1844 1260 1913 Her-

238 1983 384 2032 mannus
402 2015 409 2041 ,
432 1960 533 2029 metri
549 1939 778 2052 peritissimus
791 1961 967 2051 magister,
991 1959 1052 2028 vix
1070 1961 1264 2053 aliquantu·

240 2081 311 2149 lum
325 2077 531 2149 discriminis
546 2079 636 2147 inter
656 2086 792 2148 tottam
815 2079 928 2168 lougae
948 2077 1060 2147 aetatis
1081 2077 1263 2170 scriptores

241 2196 389 2277 invenit,
410 2194 504 2289 quod
529 2194 563 2263 in
584 2196 832 2265 recentioribus
850 2196 962 2266 hiatus
985 2195 1132 2265 rariores
1157 2205 1264 2289 appa-

243 2321 341 2383 reant
369 2309 438 2407 (1).
469 2311 549 2381 Erat
575 2312 699 2404 prisca¹
715 2312 771 2382 illa
801 2313 914 2405 poesis
944 2313 1043 2405 quasi
1068 2311 1261 2383 communis

241 2429 399 2509 materia,
430 2424 521 2498 unde
540 2450 660 2499 omnes
681 2428 847 2523 quidquid
875 2431 1002 2499 veilent
1029 2428 1204 2499 lihere'ad
1225 2450 1262 2498 se

238 2546 474 2619 detrahebant.
1237 2625 1240 2630 ξ

293 2668 396 2766 Primi
424 2670 599 2758 elegorum
623 2666 828 2759 scriptoreS,
857 2664 1005 2735 Caliinus
1030 2674 1064 2736 et
1079 2666 1259 2759 TyrtaeuS,

229 2788 298 2882 ,qui
319 2787 473 2857 Pisandri
490 2784 718 2887 temporihuS,
738 2786 792 2854 vei
814 2785 916 2876 pauio
934 2792 1026 2864 ante,
1047 2777 1259 2864 floruerunt,

242 2905 382 2976 Homeri
412 2925 548 2998 quoque
582 2901 770 2971 imitatores
791 2900 971 2986 uidentur.
1006 2901 1052 2970 lis
1078 2922 1161 2970 saue
1185 2901 1263 2994 plus

242 3003 356 3093 mutus
373 3023 484 3103 inest,
503 3020 591 3091 sicut
609 3028 642 3090 et
661 3025 900 3110 argumentum
920 3017 1102 3111 poscebat,
1127 3019 1188 3089 sed
1207 3018 1265 3088 di-

240 3141 339 3213 cendi
351 3163 460 3232 genus
472 3140 578 3233 epicis
595 3140 758 3210 usitatum
775 3148 1049 3231 assumpserunt.
1068 3140 1107 3208 In
1126 3139 1262 3232 Tyrtaeo

240 3262 333 3328 enim
351 3256 541 3329 locutiones
556 3278 677 3326 omnes
689 3254 804 3325 Iliadis
812 3254 1010 3325 notissimas
1026 3255 1154 3348 ubique
1170 3260 1267 3346 repe-

241 3377 308 3446 rias
327 3401 334 3456 ;
353 3396 476 3445 versus
494 3381 608 3446 autem
622 3372 792 3443 condendi
811 3371 916 3452 ratio,
935 3372 1025 3441 utin
1045 3371 1171 3464 dispari
1198 3392 1265 3460 ge-

242 3516 344 3576 nere,
385 3514 454 3563 uon
489 3491 590 3562 valde
622 3489 797 3561 dissimilis
829 3498 895 3559 est.
932 3489 1027 3560 Idem
1053 3490 1095 3560 de
1119 3489 1261 3569 Solone,

239 3611 397 3704 quamvis
423 3609 624 3689 recentiori,
658 3606 771 3677 dicere
808 3628 1006 3699 possumus.
1042 3607 1264 3677 Mimnermus

240 3728 332 3820 ipse,
359 3729 533 3818 elegorum
556 3727 658 3817 hujus
679 3725 791 3796 aetatis
824 3733 942 3795 auctor
969 3724 1261 3814 elegantissimus

284 3987 322 4070 tt)
337 3991 493 4051 Hermann
509 4037 516 4068 ,
537 3987 684 4069 Orphica,
699 4008 729 4067 p.
751 3989 820 4049 688.
