<?xml version="1.0" encoding="UTF-8"?>
<!DOCTYPE html PUBLIC "-//W3C//DTD XHTML 1.0 Transitional//EN"
    "http://www.w3.org/TR/xhtml1/DTD/xhtml1-transitional.dtd">
<html xmlns="http://www.w3.org/1999/xhtml" xml:lang="en" lang="en">
 <head>
  <title>
</title>
<meta http-equiv="Content-Type" content="text/html;charset=utf-8" />
  <meta name='ocr-system' content='tesseract 3.04.00' />
  <meta name='ocr-capabilities' content='ocr_page ocr_carea ocr_par ocr_line ocrx_word'/>
</head>
<body>
  <div class='ocr_page' id='page_1' title='image "./deartecallimach00thiogoog_0034.png"; bbox 0 0 2942 4709; ppageno 0'>
   <div class='ocr_carea' id='block_1_1' title="bbox 646 226 838 295">
    <p class='ocr_par' dir='ltr' id='par_1_1' title="bbox 646 226 838 295">
     <span class='ocr_line' id='line_1_1' title="bbox 646 226 838 295; baseline -0.01 -17"><span class='ocrx_word' id='word_1_1' title='bbox 646 226 838 295; x_wconf 66' lang='lat'>„30-</span> 
     </span>
    </p>
   </div>
   <div class='ocr_carea' id='block_1_2' title="bbox 333 457 1055 637">
    <p class='ocr_par' dir='ltr' id='par_1_2' title="bbox 333 457 1055 637">
     <span class='ocr_line' id='line_1_2' title="bbox 333 457 1054 537; baseline -0.008 -16"><span class='ocrx_word' id='word_1_2' title='bbox 333 457 482 521; x_wconf 74' lang='lat' dir='ltr'>Battiadae</span> <span class='ocrx_word' id='word_1_3' title='bbox 498 457 651 517; x_wconf 91' lang='lat' dir='ltr'>tumulum</span> <span class='ocrx_word' id='word_1_4' title='bbox 668 457 784 537; x_wconf 80' lang='lat' dir='ltr'><strong>cernis,</strong></span> <span class='ocrx_word' id='word_1_5' title='bbox 801 464 926 518; x_wconf 90' lang='lat' dir='ltr'>cantare</span> <span class='ocrx_word' id='word_1_6' title='bbox 940 457 1054 535; x_wconf 85' lang='lat' dir='ltr'>periti,</span> 
     </span>
     <span class='ocr_line' id='line_1_3' title="bbox 414 553 1055 637; baseline -0.003 -20"><span class='ocrx_word' id='word_1_7' title='bbox 414 553 605 635; x_wconf 85' lang='lat' dir='ltr'>Festivisque</span> <span class='ocrx_word' id='word_1_8' title='bbox 617 558 724 636; x_wconf 81' lang='lat' dir='ltr'>epulas</span> <span class='ocrx_word' id='word_1_9' title='bbox 736 558 909 617; x_wconf 81' lang='lat' dir='ltr'>exhilarare</span> <span class='ocrx_word' id='word_1_10' title='bbox 918 556 995 636; x_wconf 90' lang='lat' dir='ltr'>jocis</span> <span class='ocrx_word' id='word_1_11' title='bbox 1007 555 1029 637; x_wconf 84' lang='lat' dir='ltr'>(l</span> <span class='ocrx_word' id='word_1_12' title='bbox 1038 553 1055 633; x_wconf 90' lang='grc'>).</span> 
     </span>
    </p>
   </div>
   <div class='ocr_carea' id='block_1_3' title="bbox 151 756 1255 859">
    <p class='ocr_par' dir='ltr' id='par_1_3' title="bbox 151 756 1255 861">
     <span class='ocr_line' id='line_1_4' title="bbox 151 756 1255 859; baseline 0.002 -37"><span class='ocrx_word' id='word_1_13' title='bbox 151 817 154 822; x_wconf 83' lang='grc'>.</span> <span class='ocrx_word' id='word_1_14' title='bbox 236 759 391 828; x_wconf 90' lang='lat' dir='ltr'>AEmulos</span> <span class='ocrx_word' id='word_1_15' title='bbox 407 757 488 829; x_wconf 88' lang='lat' dir='ltr'>sane</span> <span class='ocrx_word' id='word_1_16' title='bbox 505 767 539 828; x_wconf 91' lang='lat' dir='ltr'>et</span> <span class='ocrx_word' id='word_1_17' title='bbox 554 759 687 829; x_wconf 90' lang='lat' dir='ltr'>invidos</span> <span class='ocrx_word' id='word_1_18' title='bbox 701 781 793 851; x_wconf 89' lang='lat' dir='ltr'>saepe</span> <span class='ocrx_word' id='word_1_19' title='bbox 805 758 923 829; x_wconf 88' lang='lat' dir='ltr'>habuit</span> <span class='ocrx_word' id='word_1_20' title='bbox 939 783 946 827; x_wconf 91' lang='lat'>:</span> <span class='ocrx_word' id='word_1_21' title='bbox 963 759 1054 828; x_wconf 89' lang='lat' dir='ltr'>nulla</span> <span class='ocrx_word' id='word_1_22' title='bbox 1074 756 1167 832; x_wconf 65' lang='lat' dir='ltr'>,enim</span> <span class='ocrx_word' id='word_1_23' title='bbox 1183 758 1255 859; x_wconf 81' lang='lat' dir='ltr'>glo·</span> 
     </span>
    </p>
   </div>
   <div class='ocr_carea' id='block_1_4' title="bbox 106 870 1255 967">
    <p class='ocr_par' dir='ltr' id='par_1_4' title="bbox 106 870 1255 967">
     <span class='ocr_line' id='line_1_5' title="bbox 106 870 1255 967; baseline -0.002 -24"><span class='ocrx_word' id='word_1_24' title='bbox 106 870 108 879; x_wconf 73' lang='grc'>’</span> <span class='ocrx_word' id='word_1_25' title='bbox 237 875 286 943; x_wconf 89' lang='lat' dir='ltr'>ria</span> <span class='ocrx_word' id='word_1_26' title='bbox 316 882 369 946; x_wconf 89' lang='lat' dir='ltr'>est</span> <span class='ocrx_word' id='word_1_27' title='bbox 389 896 489 967; x_wconf 87' lang='lat' dir='ltr'>quam</span> <span class='ocrx_word' id='word_1_28' title='bbox 510 874 637 945; x_wconf 91' lang='lat' dir='ltr'>invidia</span> <span class='ocrx_word' id='word_1_29' title='bbox 666 897 736 944; x_wconf 92' lang='lat' dir='ltr'>non</span> <span class='ocrx_word' id='word_1_30' title='bbox 761 877 926 957; x_wconf 88' lang='lat' dir='ltr'>lacessat,</span> <span class='ocrx_word' id='word_1_31' title='bbox 951 873 1144 967; x_wconf 86' lang='lat' dir='ltr'>praesertim</span> <span class='ocrx_word' id='word_1_32' title='bbox 1167 874 1255 942; x_wconf 91' lang='lat' dir='ltr'>inter</span> 
     </span>
    </p>
   </div>
   <div class='ocr_carea' id='block_1_5' title="bbox 235 988 1355 1436">
    <p class='ocr_par' dir='ltr' id='par_1_5' title="bbox 235 988 1355 1436">
     <span class='ocr_line' id='line_1_6' title="bbox 235 988 1254 1094; baseline -0.001 -34"><span class='ocrx_word' id='word_1_33' title='bbox 235 992 392 1061; x_wconf 88' lang='lat' dir='ltr'>homines</span> <span class='ocrx_word' id='word_1_34' title='bbox 401 1013 480 1062; x_wconf 68' lang='lat' dir='ltr'>&#39;una</span> <span class='ocrx_word' id='word_1_35' title='bbox 491 993 647 1094; x_wconf 74' lang='lat' dir='ltr'>uiuentes</span> <span class='ocrx_word' id='word_1_36' title='bbox 664 993 855 1086; x_wconf 84' lang='lat' dir='ltr'>iisdemque</span> <span class='ocrx_word' id='word_1_37' title='bbox 875 992 996 1062; x_wconf 88' lang='lat' dir='ltr'>studiis</span> <span class='ocrx_word' id='word_1_38' title='bbox 1018 991 1166 1066; x_wconf 78' lang='lat' dir='ltr'>deditos.</span> <span class='ocrx_word' id='word_1_39' title='bbox 1187 988 1254 1059; x_wconf 86' lang='lat' dir='ltr'>Sed</span> 
     </span>
     <span class='ocr_line' id='line_1_7' title="bbox 238 1106 1339 1202; baseline -0.011 -19"><span class='ocrx_word' id='word_1_40' title='bbox 238 1108 394 1183; x_wconf 86' lang='lat' dir='ltr'>inimicos</span> <span class='ocrx_word' id='word_1_41' title='bbox 413 1130 533 1179; x_wconf 91' lang='lat' dir='ltr'>omnes</span> <span class='ocrx_word' id='word_1_42' title='bbox 548 1117 661 1179; x_wconf 89' lang='lat' dir='ltr'>tacere</span> <span class='ocrx_word' id='word_1_43' title='bbox 677 1110 810 1199; x_wconf 77' lang='lat' dir='ltr'>coegit,</span> <span class='ocrx_word' id='word_1_44' title='bbox 834 1109 986 1179; x_wconf 89' lang='lat' dir='ltr'>sicutait</span> <span class='ocrx_word' id='word_1_45' title='bbox 999 1110 1072 1202; x_wconf 88' lang='lat' dir='ltr'>ipse</span> <span class='ocrx_word' id='word_1_46' title='bbox 1090 1130 1160 1178; x_wconf 91' lang='lat' dir='ltr'>nou</span> <span class='ocrx_word' id='word_1_47' title='bbox 1180 1106 1254 1176; x_wconf 88' lang='lat' dir='ltr'>sine</span> <span class='ocrx_word' id='word_1_48' title='bbox 1337 1169 1339 1171; x_wconf 78' lang='grc'>,</span> 
     </span>
     <span class='ocr_line' id='line_1_8' title="bbox 237 1222 1355 1319; baseline -0.003 -26"><span class='ocrx_word' id='word_1_49' title='bbox 237 1225 400 1313; x_wconf 88' lang='lat' dir='ltr'>jactantia</span> <span class='ocrx_word' id='word_1_50' title='bbox 437 1226 471 1293; x_wconf 93' lang='lat' dir='ltr'>in</span> <span class='ocrx_word' id='word_1_51' title='bbox 507 1226 573 1296; x_wconf 92' lang='lat' dir='ltr'>alio</span> <span class='ocrx_word' id='word_1_52' title='bbox 612 1226 859 1319; x_wconf 80' lang='lat' dir='ltr'>epigrammate</span> <span class='ocrx_word' id='word_1_53' title='bbox 894 1228 1024 1296; x_wconf 91' lang='lat' dir='ltr'>tumulo</span> <span class='ocrx_word' id='word_1_54' title='bbox 1048 1224 1165 1318; x_wconf 75' lang='lat' dir='ltr'>vpatris</span> <span class='ocrx_word' id='word_1_55' title='bbox 1200 1222 1257 1291; x_wconf 85' lang='lat' dir='ltr'>in·</span> <span class='ocrx_word' id='word_1_56' title='bbox 1352 1249 1355 1254; x_wconf 49' lang='lat'><em>&gt;</em></span> 
     </span>
     <span class='ocr_line' id='line_1_9' title="bbox 240 1344 392 1436; baseline 0 -24"><span class='ocrx_word' id='word_1_57' title='bbox 240 1344 392 1436; x_wconf 88' lang='lat' dir='ltr'>scripto:</span> 
     </span>
    </p>
   </div>
   <div class='ocr_carea' id='block_1_6' title="bbox 211 1522 1303 1915">
    <p class='ocr_par' dir='ltr' id='par_1_6' title="bbox 337 1522 1303 1718">
     <span class='ocr_line' id='line_1_10' title="bbox 342 1522 1303 1618; baseline -0.001 -19"><span class='ocrx_word' id='word_1_58' title='bbox 342 1537 390 1599; x_wconf 79' lang='lat' dir='ltr'>Ad</span> <span class='ocrx_word' id='word_1_59' title='bbox 405 1522 564 1599; x_wconf 54' lang='lat' dir='ltr'>tumulumx</span> <span class='ocrx_word' id='word_1_60' title='bbox 575 1540 762 1618; x_wconf 81' lang='lat' dir='ltr'><strong>quicumque</strong></span> <span class='ocrx_word' id='word_1_61' title='bbox 775 1539 882 1618; x_wconf 82' lang='lat' dir='ltr'>venia,</span> <span class='ocrx_word' id='word_1_62' title='bbox 901 1556 1068 1618; x_wconf 75' lang='lat' dir='ltr'>maeoseu,</span> <span class='ocrx_word' id='word_1_63' title='bbox 1091 1538 1212 1598; x_wconf 91' lang='lat' dir='ltr'>viator:</span> <span class='ocrx_word' id='word_1_64' title='bbox 1300 1545 1303 1551; x_wconf 84' lang='lat'>&#39;</span> 
     </span>
     <span class='ocr_line' id='line_1_11' title="bbox 337 1635 1046 1718; baseline 0.001 -22"><span class='ocrx_word' id='word_1_65' title='bbox 337 1692 339 1696; x_wconf 76' lang='grc'>,</span> <span class='ocrx_word' id='word_1_66' title='bbox 403 1638 581 1699; x_wconf 84' lang='lat' dir='ltr'>Callimachi</span> <span class='ocrx_word' id='word_1_67' title='bbox 591 1640 676 1717; x_wconf 88' lang='lat' dir='ltr'>jaceo</span> <span class='ocrx_word' id='word_1_68' title='bbox 695 1638 779 1699; x_wconf 90' lang='lat' dir='ltr'>filius</span> <span class='ocrx_word' id='word_1_69' title='bbox 794 1647 886 1715; x_wconf 90' lang='lat' dir='ltr'>atque</span> <span class='ocrx_word' id='word_1_70' title='bbox 900 1645 988 1716; x_wconf 91' lang='lat' dir='ltr'>pater</span> <span class='ocrx_word' id='word_1_71' title='bbox 999 1635 1046 1718; x_wconf 67' lang='lat'>(2).</span> 
     </span>
    </p>

    <p class='ocr_par' dir='ltr' id='par_1_7' title="bbox 211 1736 1164 1915">
     <span class='ocr_line' id='line_1_12' title="bbox 211 1736 1164 1817; baseline 0.003 -25"><span class='ocrx_word' id='word_1_72' title='bbox 211 1785 218 1792; x_wconf 58' lang='lat'><em>„</em></span> <span class='ocrx_word' id='word_1_73' title='bbox 343 1737 402 1810; x_wconf 88' lang='lat' dir='ltr'>Qui</span> <span class='ocrx_word' id='word_1_74' title='bbox 418 1737 481 1797; x_wconf 91' lang='lat' dir='ltr'>sint</span> <span class='ocrx_word' id='word_1_75' title='bbox 496 1737 586 1797; x_wconf 91' lang='lat' dir='ltr'>ambo</span> <span class='ocrx_word' id='word_1_76' title='bbox 607 1738 721 1817; x_wconf 74' lang='lat' dir='ltr'>rogas‘l</span> <span class='ocrx_word' id='word_1_77' title='bbox 738 1737 860 1816; x_wconf 14' lang='lat' dir='ltr'>luit-ille</span> <span class='ocrx_word' id='word_1_78' title='bbox 875 1736 1052 1815; x_wconf 88' lang='lat' dir='ltr'>potentibus</span> <span class='ocrx_word' id='word_1_79' title='bbox 1068 1736 1164 1796; x_wconf 90' lang='lat' dir='ltr'>armis</span> 
     </span>
     <span class='ocr_line' id='line_1_13' title="bbox 405 1833 1114 1915; baseline -0.003 -18"><span class='ocrx_word' id='word_1_80' title='bbox 405 1838 474 1897; x_wconf 86' lang='lat' dir='ltr'>Dux</span> <span class='ocrx_word' id='word_1_81' title='bbox 489 1837 617 1915; x_wconf 81' lang='lat' dir='ltr'>patriae3</span> <span class='ocrx_word' id='word_1_82' title='bbox 635 1836 689 1904; x_wconf 56' lang='lat' dir='ltr'>hic,</span> <span class='ocrx_word' id='word_1_83' title='bbox 699 1833 774 1896; x_wconf 86' lang='lat' dir='ltr'>vicit</span> <span class='ocrx_word' id='word_1_84' title='bbox 790 1836 933 1896; x_wconf 91' lang='lat' dir='ltr'>cantibus</span> <span class='ocrx_word' id='word_1_85' title='bbox 952 1835 1114 1895; x_wconf 88' lang='lat' dir='ltr'>invidiam.</span> 
     </span>
    </p>
   </div>
   <div class='ocr_carea' id='block_1_7' title="bbox 215 2033 1268 2362">
    <p class='ocr_par' dir='ltr' id='par_1_8' title="bbox 215 2033 1268 2362">
     <span class='ocr_line' id='line_1_14' title="bbox 243 2033 1260 2134; baseline -0.005 -27"><span class='ocrx_word' id='word_1_86' title='bbox 243 2035 527 2134; x_wconf 83' lang='lat' dir='ltr'>Adversariorum</span> <span class='ocrx_word' id='word_1_87' title='bbox 557 2036 798 2106; x_wconf 87' lang='lat' dir='ltr'>celeberrimus</span> <span class='ocrx_word' id='word_1_88' title='bbox 831 2037 892 2106; x_wconf 89' lang='lat' dir='ltr'>luit</span> <span class='ocrx_word' id='word_1_89' title='bbox 922 2058 1011 2106; x_wconf 88' lang='lat' dir='ltr'>unus</span> <span class='ocrx_word' id='word_1_90' title='bbox 1039 2056 1058 2103; x_wconf 91' lang='lat' dir='ltr'>e</span> <span class='ocrx_word' id='word_1_91' title='bbox 1084 2033 1260 2127; x_wconf 78' lang='lat' dir='ltr'>discipulis</span> 
     </span>
     <span class='ocr_line' id='line_1_15' title="bbox 215 2136 1259 2252; baseline -0.004 -28"><span class='ocrx_word' id='word_1_92' title='bbox 215 2136 217 2141; x_wconf 45' lang='grc'>’</span> <span class='ocrx_word' id='word_1_93' title='bbox 243 2156 335 2252; x_wconf 85' lang='lat' dir='ltr'>ejus,</span> <span class='ocrx_word' id='word_1_94' title='bbox 349 2155 550 2248; x_wconf 82' lang='lat' dir='ltr'>Apollonius</span> <span class='ocrx_word' id='word_1_95' title='bbox 565 2155 735 2247; x_wconf 64' lang='lat' dir='ltr'>Rhodius</span> <span class='ocrx_word' id='word_1_96' title='bbox 756 2156 798 2225; x_wconf 87' lang='lat' dir='ltr'>de</span> <span class='ocrx_word' id='word_1_97' title='bbox 814 2177 882 2248; x_wconf 90' lang='lat' dir='ltr'>quo</span> <span class='ocrx_word' id='word_1_98' title='bbox 900 2163 1020 2248; x_wconf 89' lang='lat' dir='ltr'>postea</span> <span class='ocrx_word' id='word_1_99' title='bbox 1036 2153 1259 2223; x_wconf 81' lang='lat' dir='ltr'>disseremus,</span> 
     </span>
     <span class='ocr_line' id='line_1_16' title="bbox 243 2255 1268 2362; baseline -0.002 -22"><span class='ocrx_word' id='word_1_100' title='bbox 243 2263 553 2352; x_wconf 86' lang='lat' dir='ltr'>Hicveroveterem</span> <span class='ocrx_word' id='word_1_101' title='bbox 568 2273 721 2362; x_wconf 82' lang='lat' dir='ltr'>magistri</span> <span class='ocrx_word' id='word_1_102' title='bbox 741 2274 864 2342; x_wconf 86' lang='lat' dir='ltr'>lamam</span> <span class='ocrx_word' id='word_1_103' title='bbox 882 2255 1268 2341; x_wconf 83' lang='lat' dir='ltr'>obtrectationibussuis</span> 
     </span>
    </p>
   </div>
   <div class='ocr_carea' id='block_1_8' title="bbox 130 2387 1264 2484">
    <p class='ocr_par' dir='ltr' id='par_1_9' title="bbox 130 2387 1264 2484">
     <span class='ocr_line' id='line_1_17' title="bbox 130 2387 1264 2484; baseline 0.001 -27"><span class='ocrx_word' id='word_1_104' title='bbox 130 2425 133 2428; x_wconf 43' lang='lat'>1</span> <span class='ocrx_word' id='word_1_105' title='bbox 246 2387 332 2457; x_wconf 87' lang='lat' dir='ltr'>adeo</span> <span class='ocrx_word' id='word_1_106' title='bbox 345 2399 414 2457; x_wconf 90' lang='lat' dir='ltr'>non</span> <span class='ocrx_word' id='word_1_107' title='bbox 431 2387 646 2484; x_wconf 83' lang='lat' dir='ltr'>obscuravit,</span> <span class='ocrx_word' id='word_1_108' title='bbox 663 2396 701 2458; x_wconf 93' lang='lat' dir='ltr'>ut</span> <span class='ocrx_word' id='word_1_109' title='bbox 716 2397 835 2458; x_wconf 89' lang='lat' dir='ltr'>contra</span> <span class='ocrx_word' id='word_1_110' title='bbox 849 2389 920 2480; x_wconf 85' lang='lat' dir='ltr'>ipse</span> <span class='ocrx_word' id='word_1_111' title='bbox 940 2387 1182 2458; x_wconf 81' lang='lat' dir='ltr'>Alexandriam</span> <span class='ocrx_word' id='word_1_112' title='bbox 1203 2390 1264 2458; x_wconf 87' lang='lat' dir='ltr'>lin-</span> 
     </span>
    </p>
   </div>
   <div class='ocr_carea' id='block_1_9' title="bbox 197 2495 1269 3301">
    <p class='ocr_par' dir='ltr' id='par_1_10' title="bbox 247 2495 558 2600">
     <span class='ocr_line' id='line_1_18' title="bbox 247 2495 558 2600; baseline 0 -25"><span class='ocrx_word' id='word_1_113' title='bbox 247 2528 351 2600; x_wconf 89' lang='lat' dir='ltr'>quere</span> <span class='ocrx_word' id='word_1_114' title='bbox 363 2495 558 2595; x_wconf 72' lang='lat' dir='ltr'>augeretur.</span> 
     </span>
    </p>

    <p class='ocr_par' dir='ltr' id='par_1_11' title="bbox 197 2621 1269 3301">
     <span class='ocr_line' id='line_1_19' title="bbox 295 2621 1262 2716; baseline 0 -23"><span class='ocrx_word' id='word_1_115' title='bbox 295 2623 449 2693; x_wconf 90' lang='lat' dir='ltr'>Ceterum</span> <span class='ocrx_word' id='word_1_116' title='bbox 461 2645 502 2693; x_wconf 92' lang='lat' dir='ltr'>eo</span> <span class='ocrx_word' id='word_1_117' title='bbox 517 2624 695 2716; x_wconf 91' lang='lat' dir='ltr'>potentior</span> <span class='ocrx_word' id='word_1_118' title='bbox 705 2625 792 2692; x_wconf 88' lang='lat' dir='ltr'>inter</span> <span class='ocrx_word' id='word_1_119' title='bbox 803 2622 922 2692; x_wconf 89' lang='lat' dir='ltr'>doctos</span> <span class='ocrx_word' id='word_1_120' title='bbox 938 2621 1262 2705; x_wconf 76' lang='lat' dir='ltr'>eratCallimachuS‚</span> 
     </span>
     <span class='ocr_line' id='line_1_20' title="bbox 248 2740 1267 2835; baseline 0.001 -25"><span class='ocrx_word' id='word_1_121' title='bbox 248 2763 317 2835; x_wconf 93' lang='lat' dir='ltr'>quo</span> <span class='ocrx_word' id='word_1_122' title='bbox 333 2741 423 2834; x_wconf 91' lang='lat' dir='ltr'>apud</span> <span class='ocrx_word' id='word_1_123' title='bbox 438 2763 538 2832; x_wconf 83' lang='lat' dir='ltr'>reges</span> <span class='ocrx_word' id='word_1_124' title='bbox 559 2741 742 2834; x_wconf 82' lang='lat' dir='ltr'>acceptior.</span> <span class='ocrx_word' id='word_1_125' title='bbox 764 2740 840 2810; x_wconf 83' lang='lat' dir='ltr'>Fuit</span> <span class='ocrx_word' id='word_1_126' title='bbox 865 2740 955 2809; x_wconf 90' lang='lat' dir='ltr'>enim</span> <span class='ocrx_word' id='word_1_127' title='bbox 974 2741 1123 2821; x_wconf 79' lang='lat' dir='ltr'>aulicuS,</span> <span class='ocrx_word' id='word_1_128' title='bbox 1143 2740 1267 2811; x_wconf 91' lang='lat' dir='ltr'>adula-</span> 
     </span>
     <span class='ocr_line' id='line_1_21' title="bbox 247 2857 1268 2951; baseline 0.001 -25"><span class='ocrx_word' id='word_1_129' title='bbox 247 2857 399 2951; x_wconf 89' lang='lat' dir='ltr'>tionique</span> <span class='ocrx_word' id='word_1_130' title='bbox 425 2865 593 2939; x_wconf 90' lang='lat' dir='ltr'>attentus,</span> <span class='ocrx_word' id='word_1_131' title='bbox 613 2879 725 2950; x_wconf 89' lang='lat' dir='ltr'>neque</span> <span class='ocrx_word' id='word_1_132' title='bbox 745 2857 862 2925; x_wconf 87' lang='lat' dir='ltr'>ullam·</span> <span class='ocrx_word' id='word_1_133' title='bbox 877 2878 1028 2950; x_wconf 90' lang='lat' dir='ltr'>unquam</span> <span class='ocrx_word' id='word_1_134' title='bbox 1050 2857 1268 2940; x_wconf 88' lang='lat' dir='ltr'>occasionem</span> 
     </span>
     <span class='ocr_line' id='line_1_22' title="bbox 248 2973 1269 3067; baseline -0.001 -23"><span class='ocrx_word' id='word_1_135' title='bbox 248 2975 364 3063; x_wconf 85' lang='lat' dir='ltr'>omisit</span> <span class='ocrx_word' id='word_1_136' title='bbox 391 2974 574 3067; x_wconf 89' lang='lat' dir='ltr'>principes·</span> <span class='ocrx_word' id='word_1_137' title='bbox 595 2973 752 3044; x_wconf 88' lang='lat' dir='ltr'>laudibus</span> <span class='ocrx_word' id='word_1_138' title='bbox 779 2973 978 3060; x_wconf 81' lang='lat' dir='ltr'>extollendi.</span> <span class='ocrx_word' id='word_1_139' title='bbox 1003 2974 1042 3041; x_wconf 93' lang='lat' dir='ltr'>ln</span> <span class='ocrx_word' id='word_1_140' title='bbox 1065 2974 1202 3066; x_wconf 82' lang='lat' dir='ltr'>Hymno</span> <span class='ocrx_word' id='word_1_141' title='bbox 1225 2973 1269 3043; x_wconf 90' lang='lat' dir='ltr'>ad</span> 
     </span>
     <span class='ocr_line' id='line_1_23' title="bbox 197 3075 1265 3187; baseline -0.002 -25"><span class='ocrx_word' id='word_1_142' title='bbox 197 3075 200 3082; x_wconf 83' lang='lat'>&#39;</span> <span class='ocrx_word' id='word_1_143' title='bbox 248 3094 368 3162; x_wconf 73' lang='lat' dir='ltr'>lovem</span> <span class='ocrx_word' id='word_1_144' title='bbox 403 3092 458 3187; x_wconf 75' lang='lat' dir='ltr'>(v.</span> <span class='ocrx_word' id='word_1_145' title='bbox 489 3091 710 3186; x_wconf 77' lang='grc'><strong>85-91),</strong></span> <span class='ocrx_word' id='word_1_146' title='bbox 748 3090 958 3184; x_wconf 80' lang='lat' dir='ltr'>Philadelphi</span> <span class='ocrx_word' id='word_1_147' title='bbox 994 3090 1265 3181; x_wconf 68' lang='lat' dir='ltr'>magnitudinem</span> 
     </span>
     <span class='ocr_line' id='line_1_24' title="bbox 250 3207 1269 3301; baseline -0.001 -23"><span class='ocrx_word' id='word_1_148' title='bbox 250 3216 284 3279; x_wconf 89' lang='lat' dir='ltr'>et</span> <span class='ocrx_word' id='word_1_149' title='bbox 313 3215 517 3301; x_wconf 89' lang='lat' dir='ltr'>potestatem</span> <span class='ocrx_word' id='word_1_150' title='bbox 545 3217 623 3279; x_wconf 86' lang='lat' dir='ltr'>cum</span> <span class='ocrx_word' id='word_1_151' title='bbox 660 3212 850 3279; x_wconf 88' lang='lat' dir='ltr'>ceterorum</span> <span class='ocrx_word' id='word_1_152' title='bbox 878 3230 999 3297; x_wconf 81' lang='lat' dir='ltr'>regum</span> <span class='ocrx_word' id='word_1_153' title='bbox 1037 3207 1269 3300; x_wconf 87' lang='lat' dir='ltr'>imbecillitate</span> 
     </span>
    </p>
   </div>
   <div class='ocr_carea' id='block_1_10' title="bbox 34 3315 1453 3420">
    <p class='ocr_par' dir='ltr' id='par_1_12' title="bbox 34 3315 1453 3420">
     <span class='ocr_line' id='line_1_25' title="bbox 34 3315 1453 3420; baseline 0.006 -25"><span class='ocrx_word' id='word_1_154' title='bbox 34 3349 39 3362; x_wconf 78' lang='grc'><strong><em>’</em></strong></span> <span class='ocrx_word' id='word_1_155' title='bbox 126 3350 128 3398; x_wconf 71' lang='grc' dir='ltr'><em>ᾳ</em></span> <span class='ocrx_word' id='word_1_156' title='bbox 252 3327 664 3420; x_wconf 79' lang='lat' dir='ltr'>comparat;inHymno</span> <span class='ocrx_word' id='word_1_157' title='bbox 696 3326 740 3397; x_wconf 94' lang='lat' dir='ltr'>ad</span> <span class='ocrx_word' id='word_1_158' title='bbox 771 3323 1268 3419; x_wconf 36' lang='lat' dir='ltr'>uetum(v.1165-190),</span> <span class='ocrx_word' id='word_1_159' title='bbox 1452 3315 1453 3334; x_wconf 42' lang='lat'>¹</span> 
     </span>
    </p>
   </div>
   <div class='ocr_carea' id='block_1_11' title="bbox 120 3441 1271 3544">
    <p class='ocr_par' dir='ltr' id='par_1_13' title="bbox 120 3441 1271 3544">
     <span class='ocr_line' id='line_1_26' title="bbox 120 3441 1271 3544; baseline -0.002 -30"><span class='ocrx_word' id='word_1_160' title='bbox 120 3447 123 3452; x_wconf 83' lang='lat'>&#39;</span> <span class='ocrx_word' id='word_1_161' title='bbox 249 3444 402 3534; x_wconf 88' lang='lat' dir='ltr'>ejusdem</span> <span class='ocrx_word' id='word_1_162' title='bbox 422 3443 599 3538; x_wconf 89' lang='lat' dir='ltr'>victoriam</span> <span class='ocrx_word' id='word_1_163' title='bbox 620 3444 792 3544; x_wconf 50' lang='lat' dir='ltr'>adversus¹</span> <span class='ocrx_word' id='word_1_164' title='bbox 804 3441 1024 3513; x_wconf 87' lang='lat' dir='ltr'>rebellantem</span> <span class='ocrx_word' id='word_1_165' title='bbox 1040 3442 1271 3512; x_wconf 80' lang='lat' dir='ltr'>mercenario·</span> 
     </span>
    </p>
   </div>
   <div class='ocr_carea' id='block_1_12' title="bbox 253 3669 1273 3973">
    <p class='ocr_par' dir='ltr' id='par_1_14' title="bbox 253 3669 1273 3973">
     <span class='ocr_line' id='line_1_27' title="bbox 288 3669 1018 3776; baseline 0.003 -25"><span class='ocrx_word' id='word_1_166' title='bbox 288 3691 331 3773; x_wconf 83' lang='grc'><strong>·(1)</strong></span> <span class='ocrx_word' id='word_1_167' title='bbox 343 3693 564 3773; x_wconf 81' lang='lat' dir='ltr'>Callimachus,</span> <span class='ocrx_word' id='word_1_168' title='bbox 579 3695 686 3776; x_wconf 65' lang='lat' dir='ltr'>appr.</span> <span class='ocrx_word' id='word_1_169' title='bbox 705 3669 837 3754; x_wconf 75' lang='grc'><strong>111111</strong></span> <span class='ocrx_word' id='word_1_170' title='bbox 850 3691 1018 3772; x_wconf 73' lang='lat' dir='ltr'>(ernesti).</span> 
     </span>
     <span class='ocr_line' id='line_1_28' title="bbox 294 3788 1273 3890; baseline 0.001 -41"><span class='ocrx_word' id='word_1_171' title='bbox 294 3788 332 3871; x_wconf 69' lang='lat' dir='ltr'>(t)</span> <span class='ocrx_word' id='word_1_172' title='bbox 345 3791 565 3873; x_wconf 80' lang='lat' dir='ltr'>Callimachus,</span> <span class='ocrx_word' id='word_1_173' title='bbox 591 3794 697 3888; x_wconf 73' lang='lat' dir='ltr'>Epipr.</span> <span class='ocrx_word' id='word_1_174' title='bbox 720 3792 814 3890; x_wconf 72' lang='grc' dir='ltr'>ΙΧΧΙΙ.</span> <span class='ocrx_word' id='word_1_175' title='bbox 829 3789 966 3852; x_wconf 81' lang='lat' dir='ltr'>-Avus</span> <span class='ocrx_word' id='word_1_176' title='bbox 991 3790 1094 3851; x_wconf 88' lang='lat' dir='ltr'>Nostri</span> <span class='ocrx_word' id='word_1_177' title='bbox 1122 3788 1273 3851; x_wconf 83' lang='lat' dir='ltr'>Callima-</span> 
     </span>
     <span class='ocr_line' id='line_1_29' title="bbox 253 3892 978 3973; baseline 0.001 -20"><span class='ocrx_word' id='word_1_178' title='bbox 253 3892 323 3954; x_wconf 80' lang='lat' dir='ltr'>clurs</span> <span class='ocrx_word' id='word_1_179' title='bbox 340 3912 461 3973; x_wconf 90' lang='lat' dir='ltr'>quoque</span> <span class='ocrx_word' id='word_1_180' title='bbox 477 3895 703 3956; x_wconf 88' lang='lat' dir='ltr'>nominabatur.</span> <span class='ocrx_word' id='word_1_181' title='bbox 977 3912 978 3915; x_wconf 45' lang='lat'>¹</span> 
     </span>
    </p>
   </div>
   <div class='ocr_carea' id='block_1_13' title="bbox 0 0 1484 4709">
    <p class='ocr_par' dir='ltr' id='par_1_15' title="bbox 0 0 1484 4709">
     <span class='ocr_line' id='line_1_30' title="bbox 0 0 1484 4709; baseline 0 0"><span class='ocrx_word' id='word_1_182' title='bbox 0 0 1484 4709; x_wconf 95' lang='lat' dir='ltr'> </span> 
     </span>
    </p>
   </div>
  </div>
 </body>
</html>
