2942 4709
597 236 886 306 =-5a-·

288 502 401 577 Σάμερον
415 501 442 555 αἱ
458 498 536 556 duilon
550 502 597 564 τὰς
608 500 739 565 κάλπιδας
752 503 767 563 ἦ
782 500 804 565 ’ς
818 499 985 567 Φυσάδειαν,

341 581 352 604 tt

328 608 351 655 ll
365 602 390 662 ἐς
405 588 549 676 Α’μυμὼνην
565 595 649 653 οἴσετε
665 600 713 653 τάν
727 607 831 655 Δαναῶ.

596 699 599 706 ·
685 693 987 777 (ramv.rm:,v.
1008 692 1068 775 aa.)

238 928 277 998 ln
297 924 435 1022 Hymno
463 928 507 999 ad
525 930 667 1011 Delum,
697 952 776 1000 cum
806 939 922 1001 narrat
950 930 1059 1024 ipsius
1087 931 1210 1002 insulae

154 1101 157 1106 .
186 1044 446 1115 tluitantisinter
458 1046 565 1116 maria
580 1066 714 1116 errores
730 1045 781 1140 (v.
801 1044 977 1141 lar-tt),
998 1055 1056 1117 aut
1073 1047 1212 1118 Latonae

189 1164 305 1252 sugam
323 1161 374 1256 (r.
395 1159 826 1257 702-77),variaquoque
839 1162 1016 1253 regionum
1028 1161 1209 1232 etnrhium

187 1279 326 1350 nomina
343 1279 345 1284 ’
362 1277 522 1349 ver'sihus
552 1279 741 1360 immiscet,
777 1303 855 1374 quae
887 1279 930 1350 ad
961 1280 1222 1350 honestandam

188 1395 392 1466 sententiam
421 1394 605 1487 plurimum
637 1395 767 1465 valent.
803 1395 937 1488 Saepius
965 1395 1067 1465 etiam
1099 1400 1204 1465 unum

187 1512 291 1583 modo
313 1532 442 1582 nomen
466 1512 641 1604 proprium
667 1519 829 1606 tanquam
857 1512 1051 1606 appositum
1075 1514 1203 1604 adjicit.

187 1631 371 1706 Praetendit
396 1639 505 1704 mater
528 1633 788 1730 Erysichthonis
813 1635 936 1705 abesse
962 1613 1090 1718 filium,
1117 1634 1210 1731 quod

188 1747 354 1826 &aucuia
391 1751 586 1844 pastoribus
622 1774 702 1822 suas
741 1752 849 1822 boves
889 1754 1071 1846 repetitum
1111 1753 1210 1824 iverit

190 1868 244 1966 (iu
259 1866 390 1950 Gerar„
408 1869 485 1964 77),
503 1879 564 1941 aut
578 1871 671 1966 qnod
685 1870 834 1964 pecudes
850 1872 884 1941 in
896 1873 990 1963 jugis
1010 1868 1124 1967 Othrys
1143 1896 1209 1943 nu-

190 1994 300 2057 meret
318 1977 429 2082 (llld.‚'
451 1985 528 2080 87).

236 2104 310 2175 Etsi
323 2125 444 2197 parum
460 2103 569 2173 nitent
583 2103 716 2174 flosculi
729 2104 804 2187 isti,
824 2113 916 2175 certe
933 2105 1122 2175 orationem
1137 2106 1211 2197 ple-

149 2261 151 2266 ·
186 2220 299 2292 haiam
327 2243 405 2291 esse
435 2243 505 2292 non
536 2221 664 2291 sinunt.
698 2222 762 2292 Per
784 2243 843 2293 eos
867 2222 1001 2315 phrasis
1031 2220 1069 2291 fit
1094 2221 1211 2315 phrasi

189 2345 245 2415 alii
262 2344 456 2427 dissimilis,
477 2344 722 2439 propriumque
741 2344 890 2414 colorem
905 2343 1040 2437 accipit.
1058 2345 1131 2414 Hac
1147 2366 1211 2414 or-

188 2460 312 2531 nandae
326 2459 527 2532 elocutionis
544 2460 676 2531 ratione
695 2461 828 2553 primns
855 2459 1027 2529 invenitur
1049 2460 1212 2530 Callima-

188 2579 273 2650 chus
302 2555 383 2648 tam
407 2584 605 2648 constanter
637 2598 721 2647 usus
751 2584 890 2669 tamque
909 2575 1090 2647 industrie.
1120 2577 1212 2646 lnter
1302 2638 1320 2663 „

189 2697 339 2790 aequales
356 2696 431 2786 ejus
446 2695 644 2765 Theocritus
665 2715 741 2764 eam
765 2677 908 2788 quoquc
921 2716 1015 2788 saepe
1034 2674 1213 2765 consecta-

191 2824 245 2887 tus
259 2814 408 2887 videtur.
426 2816 508 2886 Post
521 2816 597 2885 illos
614 2813 710 2884 multi
723 2836 743 2883 e
757 2813 1214 2907 praestantissimisscripto-

190 2933 285 3003 rihus
302 2930 393 3001 idem
417 2931 596 3002 artificium
625 2929 886 3022 exquisivcrunt
903 2956 909 2998 :
933 2911 1024 3000 inter
1039 2952 1127 3025 quos
1141 2929 1212 2999 im-

189 3048 310 3141 primis
327 3046 505 3119 Horatium
522 3031 785 3117 nominaverim.
800 3045 885 3129 Quis
903 3046 994 3116 enim
1011 3069 1079 3118 non
1093 3068 1210 3116 recor-

189 3166 290 3236 datur
307 3166 384 3257 ejus
402 3165 602 3236 notissimos
622 3165 745 3233 locos‘l

333 3434 497 3512 Nunquam
512 3432 684 3513 dimoveas,
700 3420 737 3493 nt
750 3433 837 3494 trabe
850 3431 965 3514 Cyprio

334 3534 483 3613 Myrtoum
494 3530 626 3611 pavidus
639 3537 733 3593 nauta
749 3538 832 3592 secet
849 3548 933 3593 mare
937 3579 999 3593 .....

598 3678 619 3693 ..
640 3679 660 3692 ..
679 3639 734 3691 aut
746 3649 830 3691 mare
845 3630 989 3711 Caspium

330 3734 455 3793 vexant
465 3731 634 3810 inaequales
646 3730 789 3811 procellae
793 3778 855 3793 .....

591 3876 654 3891 .....
668 3838 723 3889 aut
735 3828 931 3905 aquilonibus

333 3924 481 3999 Querceta
501 3926 635 4007 Gurpooi
649 3927 789 3988 laborant
793 3974 856 3989 .....
966 3997 969 4002 ,
1078 3995 1081 4000 4
