2942 4709
613 274 808 346 ...61-

204 433 374 513 mutavit,
411 455 479 526 quo
504 434 641 504 vocales
670 441 750 504 ante
777 440 908 504 mutam
931 454 1009 504 cum
1037 435 1164 529 liquida
1189 435 1223 507 in
1325 414 1327 422 ι

174 625 177 632 ,
202 549 325 621 mediis
358 550 473 640 verbis
490 550 729 644 corripiebant.
767 551 836 622 Eas
854 551 1024 622 Homerus
1045 552 1225 645 produxe-

206 675 282 747 rat,
318 648 444 762 quippe
472 688 558 760 quas
589 666 774 760 productas
803 666 847 737 ad
876 654 1090 741 harmoniam
1113 671 1224 761 magis

202 783 394 874 conducere
417 784 653 858 intellexisset.
672 786 759 855 Nam
781 784 896 856 lonica
916 786 1031 877 lingua
1059 786 1223 860 brevibus

206 904 359 996 syllabis
372 904 444 994 jam
477 911 635 985 scatens,
656 905 835 995 longarum
854 906 967 997 potius
984 928 1115 977 novum
1138 929 1224 999 aug-

205 1025 359 1089 mentum
378 1041 480 1113 quam
497 1018 654 1089 brevium
678 1018 908 1091 desiderabat.
935 1020 1003 1091 Sed
1033 1030 1112 1114 post
1145 1046 1223 1093 eum

207 1138 398 1234 iamborum
431 1141 634 1233 scriptores,
671 1140 789 1231 tragici
821 1140 1017 1235 praecipue,
1041 1149 1075 1212 et
1105 1140 1223 1215 eorum

208 1257 367 1349 exemplo
389 1257 596 1327 recentiores
628 1257 715 1350 opici
736 1265 771 1326 et
790 1257 930 1347 elegiaci
953 1266 1067 1350 poetae
1084 1261 1224 1331 easdem
1252 1321 1254 1325 .

134 1393 139 1401 ’
208 1395 407 1447 communes
439 1374 583 1446 reddere
622 1374 688 1446 sihi
719 1375 933 1446 commodius
967 1376 1221 1465 judicaverant,

163 1541 165 1545 »
188 1515 191 1522 ⁴
206 1491 362 1580 neglecta
374 1490 507 1585 aurium
519 1490 757 1564 delectatione.
771 1493 882 1575 Quam
904 1492 1075 1563 licentiam
1091 1494 1126 1565 in
1142 1496 1227 1565 Her-

205 1607 413 1681 mesianacte
433 1607 702 1697 vulgatissimam
722 1630 799 1679 esse
812 1609 884 1699 J'am
906 1608 1071 1680 diximus.
1094 1609 1227 1704 Saepis-

208 1723 296 1794 sime
326 1724 494 1816 reperitur
522 1709 564 1793 'et
594 1724 630 1796 in
665 1724 892 1819 Empedocle,
917 1733 951 1795 et
969 1726 1003 1795 in
1024 1727 1225 1817 fragmentis

208 1840 445 1923 Archestrati,
485 1848 587 1935 atque
625 1841 796 1914 interdum
836 1842 871 1912 in
910 1842 1018 1935 ipsius
1057 1844 1226 1915 Theocriti

210 1959 339 2051 ldylliis
368 1969 441 2030 tum
477 1960 729 2054 pastoralihuS,
752 1969 825 2032 tum
844 1961 972 2054 epicis.
1002 1963 1225 2036 Callimachus

211 2098 294 2147 vero
313 2079 510 2170 exemplum
529 2077 669 2148 Homeri
685 2085 883 2148 constanter
899 2085 1036 2149 secutus
1051 2086 1116 2150 est.
1139 2081 1225 2151 Nam

209 2196 241 2263 in
260 2196 421 2266 omnihus
440 2197 586 2289 Hymnis
600 2197 725 2267 harum
744 2196 952 2290 syllabarum
979 2206 1125 2292 quatuor
1145 2207 1228 2270 tan-

210 2314 764 2407 tomcorreptionesinveniuntur;
778 2303 1077 2409 exquibusduoin
1089 2317 1226 2410 Hymno

208 2430 251 2499 ad
269 2430 445 2515 Cererem,
463 2432 523 2527 qui
538 2432 661 2503 Dorice
678 2433 824 2524 scriptus
842 2441 913 2514 est,
944 2455 983 2504 ac
999 2434 1130 2505 facilius
1149 2457 1225 2505 eam

119 2547 123 2555 '
209 2550 379 2622 licentiam
392 2560 496 2645 posse
510 2552 580 2645 pati
596 2551 744 2623 videtur.
798 2595 800 2599 ν

256 2667 331 2736 Jam
363 2691 447 2754 vero
467 2665 649 2739 numerum
675 2676 710 2738 11
746 2667 906 2737 circuitus
924 2667 1107 2738 verborum
1124 2691 1226 2739 nemo
1255 2753 1257 2758 .

207 2785 329 2879 estqui
344 2786 568 2876 elegantiores
587 2784 793 2867 reddiderit,
814 2791 872 2855 aut
892 2784 1011 2855 sedulo
1030 2786 1138 2876 magis
1153 2788 1230 2856 ela-

209 2902 609 2992 boraverit.Doctaenim
622 2886 1220 2996 tumdaotylorumetspondaeorum,

209 3027 282 3089 tum
299 3021 455 3104 brevium
472 3002 721 3116 autlougarum
741 3043 949 3092 caesurarum
969 3022 1226 3114 temperatione,
1305 3059 1307 3075 .

211 3147 283 3221 tum
311 3140 457 3235 denique
481 3141 614 3233 phrasis
644 3140 862 3210 intercisione
892 3145 950 3208 aut
979 3139 1224 3232 productione,

210 3280 333 3348 graves
354 3258 507 3329 vicissim
529 3260 690 3352 levesque
709 3278 871 3327 numeros
888 3244 1009 3337 efficit,
1032 3265 1133 3350 prout
1151 3272 1230 3327 ma-

210 3375 295 3446 teria
312 3378 474 3468 postulat.
506 3376 560 3446 Ad
591 3397 646 3446 res
667 3384 780 3445 autem
802 3374 992 3445 verborum
1005 3395 1090 3444 sono
1102 3373 1230 3468 'depin-

211 3493 342 3583 gendas
377 3494 528 3562 maxime
565 3502 665 3586 aptus
680 3562 682 3565 ,
697 3492 906 3586 callidosque
937 3489 1085 3561 videtur.
1125 3491 1228 3581 Cujus

210 3614 291 3679 artis
314 3612 419 3680 multa
442 3611 600 3702 exempla
623 3610 744 3679 afferre
765 3629 924 3702 possem;
954 3628 1078 3698 nempe
1100 3629 1171 3678 non
1195 3607 1231 3676 in

210 3751 279 3800 uno
326 3736 384 3799 aut
432 3729 539 3799 altero
586 3729 662 3803 loco
717 3733 849 3797 tantum
885 3724 1124 3808 inveniuntur,
1166 3725 1228 3795 sed

210 3855 375 3944 perpetua
405 3853 496 3920 sunt.
530 3845 602 3916 Hos
629 3842 988 3916 tantummodoversus
1014 3843 1160 3912 referam
1194 3842 1230 3911 in

210 3965 334 4059 quihus
351 3971 452 4058 poeta
465 3959 628 4051 cudentes
648 3983 717 4032 aera
733 3959 898 4053 Cyclopas
912 3955 1077 4053 depingit.
