2942 4709
572 292 765 363 ..15-

160 448 289 520 Graecis
301 448 406 517 Musis
422 453 618 540 pergratum
635 454 686 514 est
704 444 773 540 (1).
793 446 926 514 Etenim
942 453 1020 537 post
1036 446 1182 515 Alexan·

160 570 259 639 drum
274 567 478 636 Macedones
495 565 608 635 subito
627 564 742 634 studio
757 564 800 634 ad
815 572 906 633 artes
918 564 1175 634 inclinaverant.

159 687 355 759 Alexander
388 688 462 778 ipse
504 686 624 775 gloriae
663 683 838 754 invidebat
874 683 1102 764 Athenarum,
1141 693 1181 754 'et

126 898 129 902 ¹
160 806 491 876 commendationem
535 812 713 897 poetarum
756 803 964 873 carminibus
997 803 1179 896 quaesitam

158 945 364 1016 magnopere
395 922 589 1015 appetebat.
626 923 724 991 Soter
755 930 869 991 autem
898 944 987 991 uuus
1025 921 1177 991 omnium

158 1042 344 1112 Alexandri
378 1043 567 1130 legatorum
603 1042 754 1110 maxime
790 1040 895 1109 llusis
932 1039 1174 1121 delectabatur,
1232 1134 1234 1139 .

158 1157 374 1230 historiamm
391 1168 425 1230 et
442 1161 515 1253 ipse
545 1160 690 1252 scriptor
714 1182 783 1228 non
809 1159 949 1228 omnino
971 1158 1180 1228 aveteribus

157 1255 442 1370 contemptarum.
461 1277 544 1347 Cum
561 1277 725 1367 igiturex
752 1276 968 1346 Macedonica
990 1276 1045 1345 illa
1073 1277 1179 1347 here-

156 1397 261 1466 ditate
285 1406 415 1489 partem
437 1396 565 1488 praedae
582 1396 759 1466 habuisset
775 1395 952 1484 regionem
971 1393 1174 1474 barbaram,

157 1535 226 1582 non
258 1512 422 1581 barbarus
449 1512 522 1604 ipse
554 1512 627 1582 lieri
657 1512 783 1593 voluit,
814 1510 875 1580 sed
900 1518 1018 1580 contra
1048 1511 1179 1581 Graecae

45 1719 49 1724 ὁ
156 1628 375 1698 humanitatis
399 1630 433 1699 in
455 1631 530 1699 luce
548 1629 695 1710 versari,
717 1637 820 1721 atque
840 1629 961 1707 etiam,
989 1628 1017 1697 si
1040 1634 1174 1720 posset,

159 1747 193 1814 in
204 1746 344 1816 domum
364 1769 460 1816 suam
479 1746 606 1842 aliquid
622 1769 667 1816 ex
681 1768 721 1816 eo
735 1747 876 1816 llumine
892 1746 1073 1838 sapientiae
1085 1745 1181 1815 deri-

158 1884 238 1932 vare
254 1917 261 1943 ,
279 1863 415 1956 quodin
433 1864 553 1934 urbem
569 1864 733 1940 Minervae
750 1862 892 1932 tamdiu
910 1862 1173 1932 redundaverat.

160 1979 251 2047 ldem
272 1980 450 2049 consilium
467 1988 501 2049 et
517 1981 705 2048 Attalorum
724 1979 850 2048 lamilia
870 1980 1064 2071 paulopost
1081 1977 1174 2057 iniit,

160 2120 237 2166 cum
293 2098 525 2168 semibarbara
576 2098 731 2187 Pergami
783 2118 889 2186 regno
943 2096 1049 2189 potita
1108 2104 1173 2166 est.

163 2214 306 2283 Athenae
330 2237 427 2285 suam
452 2214 494 2284 ad
520 2214 688 2303 gerendas
714 2213 869 2305 publicas
895 2234 949 2281 res
974 2220 1178 2304 potestatem

161 2336 362 2415 amiserant3
394 2335 541 2405 victores
566 2334 771 2404 lllacedones
800 2354 859 2402 eas
884 2354 947 2402 suo
975 2354 1114 2425 qnoque
1145 2332 1179 2400 in

162 2453 288 2522 litteras
323 2453 466 2546 imperio
495 2454 641 2545 spoliare
672 2454 872 2530 voluerunt;
908 2452 1053 2545 ideoque
1082 2453 1179 2522 Soter

163 2569 390 2639 Athenienses
421 2569 611 2660 praesertim
652 2569 835 2660 scriptores
869 2568 902 2636 in
937 2568 1048 2637 aulam
1081 2589 1178 2637 suam

162 2687 297 2756 allicere
321 2671 479 2765 tentavit,
511 2695 686 2755 eteorum
709 2686 859 2754 maxime
878 2686 1079 2776 praeclaros,
1102 2686 1180 2753 llle-

164 2802 332 2877 nandrum
373 2811 405 2872 et
448 2801 731 2894 Theophrastum.
776 2800 1018 2870 Alexandriam
1072 2821 1179 2880 novas

164 2922 333 3000 Athenas,
362 2920 515 2991 omnium
549 2919 758 2988 eruditorum
792 2918 935 3010 patriam
963 2938 1177 2986 communem

165 3039 276 3106 lacere
297 3037 542 3115 meditabatur;
562 3034 744 3105 affectabat
760 3056 829 3104 non
848 3033 951 3103 modo
966 3053 1098 3112 rerum,
1121 3032 1182 3101 sed

162 3155 350 3224 litterarum
366 3155 560 3225 Graecarum
579 3152 762 3246 quamdam
782 3150 1062 3220 dominationem.

358 3404 443 3488 Once.
452 3405 555 3504 sttert't
574 3404 611 3475 t'n
628 3401 735 3474 Museo
753 3401 840 3473 rutro
854 3399 999 3472 eti-enti.

214 3643 370 3711 Ceterum
389 3639 657 3711 Alexandrinum
675 3638 830 3706 llluseum
849 3635 954 3703 multo
968 3632 1088 3721 majori
1100 3649 1181 3700 cura
1261 3616 1264 3621 ’

167 3769 201 3829 et
229 3760 393 3853 impensis
421 3758 598 3827 fundatum
627 3762 680 3824 est
713 3775 816 3846 quam
849 3752 977 3844 priores
1010 3748 1177 3840 ejusmodi

208 3988 246 4071 (i)
266 3993 303 4051 n.
321 3992 427 4071 egge,
446 3992 540 4051 aevu
555 3986 605 4048 ees
619 3982 862 4058 neue-nouas,
883 3983 922 4040 er
935 3951 1014 4041 reu:
1031 3980 1118 4039 tate.
