2942 4709
620 260 665 271 ,
694 165 814 288 39¹.-

506 544 552 619 De
572 548 682 621 ceteris
701 547 917 647 poematibus,

250 839 384 933 'Hymni
414 838 554 933 quidem
576 863 751 933 nunquam
775 842 808 911 in
837 850 931 912 tauto
960 843 1107 912 honore·
1123 842 1229 912 habiti
1291 847 1292 850 ’

208 964 305 1052 supt,
324 966 487 1049 quantum
507 958 636 1047 Elegiae
653 957 883 1028 obtinuerant.
902 960 1020 1052 Neque
1039 954 1224 1037 immeri'to;

118 1066 120 1069 ’
207 1094 355 1166 namque
372 1073 407 1142 id
423 1096 532 1164 genus
550 1074 732 1168 quamdam
751 1076 994 1146 sublimitatem
1010 1074 1224 1169 requirebat,
1319 1133 1321 1136 .

206 1192 261 1279 cui
273 1192 466 1263 Callimachi
484 1218 581 1264 mens
598 1195 708 1288 impar
719 1217 797 1265 esse
810 1195 1001 1266 videbatur.
1017 1196 1101 1265 Haec
1116 1202 1230 1264 tamen

205 1332 309 1403 opera
337 1334 404 1381 non
421 1313 671 1382 contemnenda
694 1320 774 1381 sunt
796 1338 802 1380 ε
827 1313 903 1383 licet
920 1315 962 1383 iis
983 1334 1229 1406 nonnunquam

205 1428 550 1500 absitvehementior
572 1431 729 1530 spiritus,
752 1432 866 1500 multis
888 1431 1132 1501 sententiarum
1150 1453 1229 1499 ver-

204 1545 395 1642 borumque
413 1540 588 1640 leporibus
605 1539 778 1627 renident,
857 1547 859 1552 ’

244 1666 325 1735 ¹Seu
344 1666 470 1759 Hymni
489 1677 674 1761 supersunt
688 1668 731 1739 ad
752 1668 953 1739 celebranda
970 1667 1110 1737 numina
1128 1663 1228 1736 com·
1274 1669 1276 1672 ’

203 1782 326 1874 positi,
350 1783 478 1852 scilicet
499 1784 533 1854 in
560 1767 757 1866 lovem,in
788 1785 998 1877 Apollinem,
1021 1784 1054 1852 in
1081 1782 1229 1851 lavacra

206 1896 370 1980 PalladiS,
395 1898 429 1967 in
451 1899 630 1982 Cererem,
653 1901 689 1968 in
706 1894 871 1981 Dianam,
891 1901 924 1968 in
946 1900 1081 1969 Delum.
1102 1899 1229 1967 Eorum

205 2022 352 2110 quatuor
369 2016 497 2108 primos
516 2014 791 2088 caerimoniarum
810 2016 1021 2111 publicarum
1034 2037 1136 2085 causa
1150 2037 1227 2084 esse

206 2130 314 2199 factos
344 2130 503 2213 arbitror,
535 2139 572 2201 ut
598 2155 642 2201 ex
664 2133 748 2225 ipsis
777 2132 928 2203 exordiis
948 2132 999 2201 las
1018 2142 1070 2200 est
1086 2131 1230 2203 conclu-

205 2246 301 2316 dere.
322 2248 458 2318 Habent
478 2258 590 2319 autem
628 2244 788 2341 magnam
811 2249 979 2343 imprimis
1004 2247 1224 2337 dignitatem,

205 2386 398 2461 gravesque
424 2369 611 2439 sententias
638 2378 672 2438 et
695 2369 851 2459 religioni
876 2367 1139 2444 convenientes3
1166 2386 1230 2432 nee
1298 2448 1300 2450 ι

205 2504 275 2570 non
293 2492 327 2553 et
347 2485 397 2554 eis
426 2485 595 2555 interdum
617 2486 784 2556 fabulosae
803 2486 957 2562 historiae
982 2484 1025 2554 ad
1051 2482 1229 2552 delectan-

206 2598 287 2668 dum
324 2602 483 2690 lectorem
521 2601 757 2671 immiscentur
795 2599 863 2696 (l).
902 2600 1029 2694 Hymni
1052 2606 1167 2669 autem
1195 2598 1229 2664 in

203 2719 347 2789 Dianam
366 2730 400 2789 et
431 2722 465 2789 in
494 2723 615 2791 Delum
642 2723 727 2791 nihil
758 2721 885 2791 habent
905 2720 996 2815 quod
1025 2719 1068 2789 ad
1100 2720 1228 2788 cultum

205 2835 351 2934 attinere
389 2836 564 2917 videntum
616 2839 677 2908 sed
720 2839 835 2931 potius
879 2846 1042 2930 tanquam
1077 2831 1230 2905 materiae

205 2954 369 3028 faciendis
386 2957 544 3027 versibus
567 2957 702 3027 idoneae
722 2980 742 3028 a
763 2967 865 3051 poeta
890 2958 1027 3027 selectae
1053 2963 1145 3058 sunt,
1168 2952 1229 3021 His

204 3095 287 3144 vero
319 3073 409 3144 inest
436 3076 513 3167 plus
545 3077 721 3147 varietatis
760 3078 796 3145 in
828 3075 996 3169 picturiS,
1032 3074 1229 3169 saepiusque

206 3191 424 3285 simplicitate
462 3192 610 3286 quadam
647 3196 702 3263 vel
738 3190 859 3263 etiams
874 3192 1042 3266 hilaritate
1078 3177 1229 3282 grauitas

204 3317 413 3402 temperatur
427 3308 495 3403 (b).
1173 3389 1189 3393 NJ

136 3463 143 3467 -
253 3428 409 3499 Ceterum
435 3429 468 3498 in
492 3429 653 3503 omnibus
670 3428 832 3522 Hymnis,
853 3430 1092 3522 quodcumque
1109 3449 1227 3497 eomm

245 3714 282 3795 (l)
294 3715 363 3777 viu
378 3717 409 3776 in
418 3718 456 3776 H.
476 3717 509 3776 in
521 3716 593 3776 Luc.
609 3715 683 3776 Palt.
699 3717 836 3795 Tiresiae,
852 3719 882 3776 'm
894 3717 932 3778 H.
952 3716 985 3776 ia
1003 3716 1069 3776 Cer.
1086 3715 1231 3795 Erysicb.
1330 3697 1340 3762 ἶ

205 3816 309 3875 thonis
325 3815 479 3877 historias.
809 3864 812 3874 ,
1324 3820 1330 3858 ²

244 3912 281 3995 (2)
295 3915 365 3975 Vid.
388 3918 557 3994 praesertim
571 3918 681 3995 Hymn.
693 3916 732 3976 *ia
746 3916 849 3991 Dian,
863 3936 892 3977 v.
912 3917 1082 3976 tta-lut.

712 4042 714 4046 ’
791 4039 801 4088 l
