2942 4709
614 227 732 297 ..53
760 267 806 277 ..

199 364 242 435 de
266 363 382 435 verbis
408 373 442 435 et
466 365 509 436 de
536 387 664 456 genere
686 365 848 444 dicendiss
871 343 971 435 aliam
990 363 1157 457 denique,
1178 363 1220 433 de

200 486 323 550 metro.

251 651 279 721 l.
303 644 421 721 —Dc
443 648 674 748 compositione
700 671 849 748 opernm.
875 642 1091 721 -Primum
1121 651 1225 721 Calli-

197 768 339 839 machus
354 767 457 859 longa
474 787 578 861 opera
593 790 729 863 semper
752 768 896 861 respuit.
913 768 1223 861 Compertectissi-

197 908 291 955 mam
307 885 526 956 versificandi
552 883 719 956 rationem
750 892 940 979 quaereret,
966 905 1042 956 eam
1058 888 1224 958 intellexit

141 1082 143 1085 Α
196 1005 233 1075 in
252 991 613 1098 parvatantummodo
629 1006 772 1075 materie
785 1026 888 1097 posse
907 1005 1053 1096 inveniri
1068 1030 1075 1085 ;
1092 1029 1169 1075 nam
1188 1008 1222 1075 in

196 1122 370 1215 productis
389 1123 604 1217 poematibus
628 1124 735 1193 multa
759 1144 836 1192 esse
859 1103 997 1193 videbat
1016 1144 1096 1217 quae
1115 1131 1223 1193 artem

86 1243 90 1246 ’
195 1241 443 1323 excludebant,
480 1244 585 1312 multa
605 1257 684 1335 quae
706 1241 913 1332 languebant
937 1236 998 1312 aut
1030 1245 1224 1335 superllue-

195 1358 304 1440 bant,
339 1366 398 1429 ant
431 1360 533 1429 nimis
562 1340 1002 1452 simpliciterdioebautur.
1025 1359 1128 1450 Cujus
1148 1363 1222 1430 vitii

196 1487 309 1572 poetae
325 1474 443 1572 cyclici
461 1500 582 1550 omnes
601 1482 760 1572 exempla
777 1479 970 1572 saepissime
987 1459 1189 1550 'obtulerant
1212 1508 1218 1561 ;

197 1595 232 1664 in
277 1594 320 1665 iis
359 1596 450 1668 enim
489 1618 623 1666 summa
655 1595 871 1690 inaequalitas
908 1603 998 1676 erat,
1047 1618 1224 1690 genusque

196 1710 332 1782 dicendi
373 1735 463 1782 nunc
501 1713 682 1812 jejunum,
728 1734 820 1782 nnnc
857 1711 1073 1793 redundans,
1122 1723 1229 1805 prout,

176 1837 435 1918 'argumentum
462 1813 622 1924 terebat.
658 1830 761 1918 ¹Solus
783 1829 786 1850 ²
808 1829 978 1899 Homerus
1025 1850 1112 1898 onus
1146 1829 1224 1923 epi-

196 1968 275 2016 cum
328 1946 497 2017 sustinere
552 1956 732 2039 potuerat;
786 1946 847 2016 sed
884 1945 1124 2033 Callimachus»,¹
1161 1965 1222 2017 suo

196 2071 352 2157 tempore
376 2065 504 2136 nemini
537 2067 612 2158 ¹jam
646 2061 776 2158 tantam
811 2087 884 2135 rem
917 2087 993 2135 esse
1026 2065 1222 2136 tentandam

196 2180 425 2258 arbitrabatur
448 2209 454 2252 :
478 2184 667 2277 periculum
682 2183 775 2254 enim
796 2205 874 2253 esse
890 2182 969 2253 hinc
988 2183 1219 2273 negligentiae,

199 2300 287 2369 inde
316 2307 431 2371 autem
475 2300 625 2372 tastidtq
655 2302 775 2395 ltaque
815 2301 928 2370 dicere
971 2300 1134 2380 solebat,
1186 2310 1223 2370 ut

199 2416 330 2496 ferunt,
350 2437 510 2511 1111911111
526 2413 651 2489 librom
666 2437 786 2511 mooun
805 2412 894 2486 molo
906 2436 1023 2510 parem
1037 2436 1098 2486 aare
1114 2413 1182 2509 (t).

249 2536 320 2620 Nec
344 2537 454 2605 solum
480 2537 592 2627 longa·
604 2557 708 2628 opera
720 2592 734 2636 ,Ι
748 2534 809 2606 sed
827 2535 930 2604 etiam
945 2534 1047 2604 nimis
1070 2535 1221 2626 prolixas

199 2675 329 2734 rerum,
346 2656 580 2745 enarrationes
613 2656 756 2726 omuino
792 2653 1053 2743 dedignabatur.
1096 2655 1220 2725 Cautus

146 2831 152 2843 ,
198 2772 290 2842 enim
305 2772 339 2842 in
354 2773 496 2863 singulis
513 2765 618 2843 rebus
628 2772 837 2862 seligendis,
866 2772 1217 2866 quidquldvnlgare,

197 2887 363 2981 quidquid
390 2889 507 2960 tritum
536 2896 774 2967 ornamentum
794 2887 886 2958 credi
911 2896 1051 2981 posset,
1085 2888 1216 2978 rejecit.
1332 2988 1334 2993 y
1397 2929 1401 2938 ·

197 3003 284 3073 Raro
302 3004 406 3074 etiam
432 3005 593 3085 imitator,
627 3026 740 3097 neque
756 3001 908 3097 unquam
931 3003 1082 3073 imitator
1100 3025 1220 3074 servus

197 3120 259 3189 fuit
270 3138 283 3201 ';
305 3120 372 3191 sed
385 3120 743 3192 summoverecundia
764 3119 885 3189 alienis
902 3127 939 3190 et
951 3120 1068 3194 verbis
1086 3128 1120 3190 et
1137 3142 1222 3192 sen·-

199 3239 314 3310 tentiis
330 3262 415 3312 usus
432 3248 498 3311 est.
516 3242 635 3334 ltaque
654 3255 723 3333 qua
738 3260 841 3325 causa
860 3261 939 3309 eum
956 3240 1124 3312 Luciauus
1144 3239 1220 3310 ina-

199 3358 252 3427 nis
291 3360 325 3429 in
364 3360 565 3456 vulgaribus
590 3360 763 3452 oratoriis¹
798 3359 960 3452 loquendi
1005 3358 1220 3452 protluentiae

239 3569 278 3653 (1)
289 3578 326 3632 Τὸ
338 3578 404 3652 μέγα
420 3572 594 3652 duplicatione
610 3585 645 3650 τῷ
658 3576 759 3651 μεγάλῳ
770 3583 848 3649 κακῷ.
867 3571 1072 3652 (Atheniens,
1088 3571 1144 3632 lib.
1160 3572 1213 3650 111,

202 3678 277 3731 sect.
296 3667 416 3751 l.}lpse
439 3677 544 3730 tamen
566 3668 772 3731 Callimachus
797 3655 930 3746 quatuor
952 3668 1215 3746 librorumopuS,

200 3772 234 3824 τὰ
251 3767 346 3838 Atrio,
362 3774 586 3847 composuerat.
603 3768 663 3827 Hos
675 3783 748 3825 vero
765 3767 859 3826 libros
877 3784 939 3824 non
960 3765 1111 3845 simplicis
1130 3784 1218 3825 com-

199 3866 361 3944 positionis
394 3868 489 3927 luisse
521 3866 723 3945 crediderim,
763 3865 817 3925 sed
842 3866 957 3943 potius
1001 3866 1218 3926 distinctorum

201 3964 373 4025 fabularum
392 3966 652 4043 historiarumque
667 3964 763 4025 ueluti
781 3963 976 4024 collectanea.
