2942 4709
656 269 918 383 ...eo-L

158 472 160 476 '
244 462 303 535 sed
330 465 388 559 qui
413 473 504 535 certe
531 474 608 557 post
630 466 846 537 Theocritum
878 466 1016 546 vixere;
1046 486 1125 534 nam
1152 464 1186 534 in
1214 465 1266 535 eis·

244 581 424 651 manifesta
441 581 515 671 ejus
532 588 644 673 poetae
663 581 806 652 imitatio
833 588 986 674 apparet.
999 623 1003 632 -
1016 581 1145 651 Similia
1161 602 1265 671 argu-

245 709 359 771 menta
388 709 577 784 sectantur;
609 703 777 774 similibus
803 692 944 773 utuntur
960 702 1124 775 artificiis.
1158 703 1266 773 Seda

245 819 459 912 simplicitate
486 821 652 890 Theocriti
678 823 822 891 multum
847 821 1119 911 degeneravere;
1152 819 1266 891 subti-

241 934 344 1006 liores
362 937 455 1006 enim
476 938 662 1008 sententias
682 994 690 1019 ,
710 945 868 1008 omatum
885 940 961 1032 plus
976 958 1077 1031 aequo
1093 945 1267 1030 comptum

245 1059 279 1133 et
306 1052 470 1135 nitidum,
506 1055 653 1148 denique
694 1056 984 1145 elegantissimam
1018 1055 1190 1126 luxuriem
1232 1057 1267 1124 in

236 1193 362 1242 eorum
380 1171 665 1266 descriptionibus
680 1196 773 1267 saepe
785 1174 1035 1267 deprehendas,
1051 1175 1138 1258 Quae
1153 1175 1268 1246 omnia

244 1288 513 1359 Alexandrinam
535 1290 723 1370 doctrinam
744 1290 846 1360 nimis
867 1292 1011 1361 tortasse
1026 1298 1213 1378 ostentant.

294 1408 483 1479 bleinehius
517 1408 758 1479 Alexandrinis
796 1432 933 1504 quoque
966 1410 1076 1502 poetis
1116 1409 1271 1500 adjungit

245 1525 462 1595 Parthenium
490 1528 687 1607 Nicaenum,
721 1515 1066 1609 etsi'recentiorem,
1094 1527 1153 1620 qui
1185 1527 1270 1596 Pto-
1335 1513 1343 1533 '

247 1642 359 1711 lemaei
374 1644 508 1713 Auletae
524 1645 734 1737 temporibus
750 1644 864 1714 ssnruit
882 1642 950 1738 (l).
974 1645 1024 1714 Eo
1042 1644 1154 1726 enim,
1182 1643 1270 1714 sicut

177 1779 182 1788 ·
247 1759 464 1851 Euphorione
488 1769 522 1831 et
545 1762 694 1843 Rhiano,
715 1760 947 1831 delectabatur
966 1761 1138 1841 Tiberius;
1160 1762 1207 1831 ita
1233 1770 1270 1831 ut

246 1898 431 1966 germanus
457 1901 576 1949 eorum
603 1880 717 1950 uideri
740 1880 862 1973 possit.
885 1879 971 1949 Nam
1003 1880 1110 1950 fertur
1133 1880 1269 1970 Elegias

226 1996 446 2089 scripsisse,
478 2020 623 2092 quorum
646 1998 732 2068 tituli
756 2019 877 2068 omnes
906 2020 951 2067 ex
980 2006 1136 2067 veterum
1169 1996 1269 2067 fabu-

248 2115 358 2184 larum
397 2115 592 2185 nominihus
624 2122 816 2185 sumuntur.
861 2113 980 2185 Cetera
1018 2136 1098 2209 quae
1137 2113 1267 2204 attigit,
1349 2157 1350 2160 =
1456 2137 1457 2146 ¹

250 2231 441 2323 praesertim
469 2219 748 2327 Metamorphoses,
773 2232 844 2321 jam
862 2239 1039 2302 tractatam
1062 2254 1082 2301 a
1102 2231 1272 2301 Nicandro

251 2348 449 2429 materiam,
486 2349 530 2419 ab
562 2349 683 2419 eodem
713 2350 816 2418 fonte·
840 2349 1013 2420 hauserat.
1048 2349 1204 2443 Denique
1236 2349 1272 2416 in

251 2466 377 2559 scripto
412 2467 486 2557 ejus
523 2466 615 2560 quod
649 2473 822 2559 superest,
856 2480 922 2552 Περὶ·
941 2480 1063 2553 ἐρωτικῶν
1089 2477 1270 2551 παθημάτων,

253 2586 378 2655 multos
426 2584 554 2677 passim
594 2606 715 2654 versus
762 2606 823 2653 ex
850 2580 1045 2652 Alexandro
1082 2579 1195 2649 AEtolo
1241 2584 1275 2648 et

252 2700 470 2793 Euphorione
479 2700 667 2793 excerpsit,
683 2720 770 2794 quos
784 2697 941 2768 videlicet
953 2696 1111 2766 homines
1125 2693 1275 2764 maxime

253 2818 433 2912 probabat.
983 2825 985 2828 ’

303 2938 379 3010 Aha
395 2944 509 3008 autem
538 2957 642 3007 causa
658 2934 830 3005 notandus
846 2939 899 3003 est
923 2931 1023 3000 nobis
1055 2928 1270 2999 Parthenius.

254 3058 342 3128 Nam
366 3058 400 3127 in
425 3059 576 3139 ltaliam,
606 3062 803 3149 expugnata
829 3054 903 3144 ejus
926 3050 1053 3145 patria,
1079 3049 1274 3128 adductuS,

256 3175 398 3268 Neapoli
420 3176 677 3265 grammaticam
704 3173 842 3254 docuit,
869 3171 928 3241 ubi
950 3168 1080 3258 Virgilii
1113 3166 1277 3257 magister

255 3291 330 3364 luit.
352 3293 488 3386 ltaque,
521 3290 660 3360 finiente
689 3288 894 3360 Ptolemaica
925 3293 1042 3365 aetate,
1067 3284 1140 3374 J‘am
1169 3303 1279 3353 novos

256 3408 566 3481 Alexandrinorum
596 3414 713 3475 vatum
741 3404 926 3497 discipulos
952 3400 1164 3481 invenimus,
1200 3417 1280 3467 eos-

260 3525 407 3619 demque
437 3522 615 3605 omnihus,
645 3521 703 3616 qui
739 3527 818 3590 ante
854 3521 1005 3599 fuerant,
1033 3515 1141 3585 multo
1181 3513 1281 3582 illus-

259 3643 400 3725 triores
425 3644 612 3713 Romanos,
631 3640 680 3709 De
703 3639 758 3709 his
776 3638 878 3729 igitur
893 3633 1082 3707 disserendi
1099 3634 1194 3703 locus
1211 3635 1277 3701 est.

303 3951 343 4034 (l)
358 3951 515 4030 Meineke,
534 3970 565 4029 p.
586 3950 655 4010 259.
