2942 4709
661 264 857 334 „pg-

254 416 315 487 sed
331 417 391 487 diu
409 418 510 487 etiam
535 427 804 510 postmortem,
823 442 886 491 nec
907 420 940 489 in
958 420 1088 491 Graecia
1112 429 1267 505 tantum,

253 533 313 604 sed
327 533 417 627 apud
432 535 605 605 Romanos
620 536 732 606 docta
754 537 843 608 illius
860 537 1032 607 scribendi
1053 539 1136 609 artis
1155 548 1273 665 auctor

254 653 477 744 etperlector
494 627 699 745 praedicatus
718 664 784 724 est.

301 770 411 852 Quam
435 771 630 863 opinionem
658 772 809 842 breviter
839 773 1079 843 adumbrata
1071 774 1179 867 ipsius
1200 775 1272 845 vita

253 886 499 980 recensitisque
511 887 671 979 operibus
685 887 976 959 confirmabimus

581 1154 626 1228 De
643 1160 711 1233 cito
730 1159 936 1234 Callimachi.

256 1381 442 1542 'llyrenis
459 1420 559 1482 natus
584 1422 635 1486 est
656 1412 899 1492 Callimachus,
922 1415 1020 1483 Batto
1043 1413 1159 1504 patre,
1183 1411 1274 1482 unde

253 1550 379 1600 nomen
406 1532 567 1603 Battiadis
588 1535 734 1628 sumpsit
756 1534 825 1631 (lt
849 1535 964 1616 Vixit,
984 1542 1124 1605 auctore
1149 1533 1271 1615 Suida,

256 1643 482 1755 Philadelphi
511 1650 748 1744 temporibus,
800 1651 861 1720 sed
908 1673 1006 1746 usqae
1047 1647 1091 1720 od
1137 1672 1276 1746 reparari

254 1758 385 1859 Ecerqct
373 1751 566 1839 1333333311
601 1766 652 1860 2).
672 1767 733 1837 His
752 1768 867 1837 serbis
895 1790 964 1837 non
983 1767 1274 1859 interpretandum

227 1926 230 1931 -
254 1879 343 1949 arbit
330 1888 401 1982 tror
421 1906 500 1953 eum
517 1885 633 1954 senilis
648 1886 729 1954 vitae
746 1887 925 1979 reliquost
912 1884 1147 1955 tantummodo
1166 1906 1274 1954 anuos

255 1996 319 2066 sub
341 2019 382 2068 33
396 1999 550 2093 principe
569 2002 716 2076 traxisse
732 2000 874 2096 (alioqui
891 2024 960 2071 nou
978 2001 1080 2091 digna
1099 2001 1273 2070 notatione

256 2121 311 2185 r'es
331 2109 491 2212 1313333),
517 2119 579 2189 sed
605 2127 730 2189 tumet
717 2119 921 2190 teclehrem
947 2120 1073 2189 adhuc
1087 2118 1211 2200 luisse,
1239 2129 1273 2187 33

255 2254 358 2325 opera
396 2234 576 2305 edidisse:
616 2245 777 2330 tanquam
817 2238 846 2306 si
886 2236 963 2330 quis
1002 2236 1092 2306 dicat
1119 2245 1273 2306 nostrum

253 2348 425 2462 llollreplc,
452 2356 609 2450 quamvis
636 2357 783 2427 Henrico
804 2358 847 2425 lv
867 2358 1054 2449 imperante
1082 2357 1273 2449 praesertim

253 2470 425 2568 lloruerit,
446 2473 623 2544 duravisse
646 2483 758 2544 tamen
775 2473 818 2543 ad
836 2495 979 2563 regnum
994 2472 1155 2542 ludovici
1174 2473 1270 2555 Xlll,

254 2588 332 2681 quia
358 2589 585 2682 pulcherrima
601 2583 758 2685 poemata
776 2613 818 2661 eo
837 2599 991 2683 tempore
1010 2612 1116 2660 senex
1137 2612 1275 2682 compo·

253 2709 372 2779 suerit.
392 2709 634 2782 Callimachum
659 2721 773 2782 autem
791 2733 911 2781 omnes
930 2710 1041 2780 sciunt
1065 2710 1211 2800 elegiam
1230 2710 1272 2780 de

259 2828 362 2898 Coma
382 2830 570 2922 ,Berenices
604 2817 718 2900 rerum
753 2830 903 2923 potiente
935 2830 1104 2919 Evergeta
1136 2828 1270 2898 secisse.

252 2946 382 3016 Eadem
411 2955 533 3029 aetate,
560 2955 597 3016 ut
626 2937 747 3040 postea
767 2944 1096 3023 demonstrabimus,
1117 2945 1272 3037 Hymnus

254 3063 297 3133 ad
323 3064 533 3157 Apollinem,
554 3052 698 3146 Hecale,
722 3063 809 3143 lois,
837 3063 1000 3132 33333113
1027 3062 1274 3155 epigrammata

254 3179 344 3274 edita
372 3188 471 3262 sunt,
506 3180 709 3262 testantibus
743 3178 948 3249 scholiastis.
984 3179 1103 3271 ltaque
1134 3163 1274 3248 minime

254 3296 379 3366 criticis
407 3306 535 3366 nostrae
561 3296 672 3365 aetatis
700 3293 858 3365 assentiri
884 3315 1046 3387 possum,
1078 3315 1272 3387 quanquam

295 3552 332 3637 [ll
346 3555 412 3617 Nisi
428 3555 519 3615 malis
534 3554 821 3633 interpretationem
837 3552 1027 3630 Wcicherti‚¹
1045 3553 1098 3629 qui
1115 3568 1227 3610 nomen
1240 3549 1272 3609 id

256 3655 421 3715 deductum
446 3662 535 3733 putat
559 3672 576 3715 a
600 3654 698 3730 Botto,
725 3653 859 3732 Cyrenes
887 3651 1057 3712 fundatore.
1085 3647 1269 3730 (Weichert,

255 3753 342 3815 aeder
361 3754 417 3816 3133
436 3753 523 3816 Labeo
538 3753 600 3815 aad
621 3752 742 3814 Gediclrt
760 3751 811 3844 des
831 3750 1039 3832 Appollonius,
1064 3769 1093 3829 p.
1114 3747 1176 3828 68.)
1196 3750 1271 3821 Quae

258 3854 333 3914 mihi
349 3855 453 3946 opinio
469 3873 530 3914 non
545 3854 669 3914 videtur
680 3853 756 3914 satis
770 3851 950 3930 probabilis.

297 3968 335 4050 (ἓ)
352 3975 399 4027 Καὶ
412 3976 542 4050 παρέτεινε
554 3975 632 4048 μέχρι
651 3977 696 4026 τοῦ
714 3973 853 4045 Εὐεργέτου
867 3971 1001 4029 κληθέντος
1017 3968 1187 4041 Πτολεμαίου.
