2942 4709
675 278 868 348 ...52-

663 556 723 571 .....
745 509 794 571 Αὗε
803 515 856 589 γὰρ
875 509 973 576 Αἴτνη,

364 605 412 667 Ain
428 608 454 665 δὲ
470 615 629 687 Τρινακριή,
647 591 760 667 Σινιινῶν
777 608 853 675 ἕδος,
873 602 919 663 αὗε
932 605 959 661 δὲ
972 609 1059 682 γείτων

362 700 469 775 ltalia,
484 710 597 784 ρεγαλὴν
614 706 641 763 δὲ
657 710 717 768 &chr
730 710 772 762 ἐπὶ
791 709 890 783 Κύρνος
906 705 1000 772 ἀΰτει,
1063 713 1070 728 ’

362 803 435 887 Ehh'
453 809 523 883 cipe,
540 808 688 885 ρἀιστῆρας
705 809 851 884 ἀειράμενοι
866 806 930 880 ὑπὲρ
943 804 1032 879 ὥρων,

360 888 388 962 li
401 907 503 980 χαλκὸν
520 908 623 971 ζεὶοντα
636 904 795 981 κἀρινόθεν,
812 907 841 964 ἠὲ
851 901 977 978 Ισίδηρον,

256 1034 263 1048 ·
365 993 513 1078 Α’ρὸολαδὶς
529 985 698 1069 turbarentur,
717 1003 820 1076 ἀτειρέα
832 1002 1004 1075 μοχθήσειαν.

824 1117 884 1199 (Io
897 1116 1010 1193 Diam,
1029 1134 1060 1177 v.
1080 1113 1144 1197 58.)

261 1470 343 1540 bum
364 1485 427 1555 αὖε,
445 1479 515 1540 tam
532 1471 615 1541 scite
632 1472 839 1564 repetitum,
862 1473 1043 1564 lugubrem
1073 1471 1132 1542 dat
1162 1492 1285 1541 sonum
1343 1566 1346 1570 .

261 1589 310 1658 rei
324 1662 326 1668 ,
339 1588 490 1658 maxime
510 1588 791 1670 convenientem3
823 1604 976 1681 ῥαιστῆρας.
991 1604 1140 1679 ἀειράμενοι
1168 1587 1282 1659 nisum

261 1707 434 1796 eleganter
457 1707 639 1799 exprimit:
670 1717 814 1795 epotato
829 1721 983 1782 τετύκοντες
1008 1707 1133 1778 mirum
1155 1707 1190 1776 in
1210 1728 1287 1777 mo-

262 1826 344 1896 dum
375 1825 557 1896 sententiae
586 1834 754 1897 consonat
775 1852 782 1895 :
804 1847 916 1920 neque
932 1827 1044 1917 magis
1064 1827 1284 1920 probaverim

263 1952 332 2013 tam
350 1943 520 2014 celebrata
538 1943 689 2014 carmina
710 1968 717 2012 :

287 2246 291 2253 Ι
350 2171 414 2243 lui
429 2171 511 2232 inter
526 2189 593 2235 sese
609 2171 707 2234 multa
723 2173 755 2233 vi
772 2172 897 2234 brachia
913 2173 1027 2235 tollunt
1067 2204 1070 2213 ·
1146 2197 1148 2201 ·

364 2272 402 2332 In
416 2289 602 2353 numerum,
621 2279 806 2351 versantque
824 2273 923 2334 tenaci
940 2274 1055 2352 forcipe
1072 2290 1216 2342 massam.

266 2488 464 2581 Duplicatus
483 2489 586 2562 etiarn
616 2490 650 2558 in
679 2490 801 2567 ultima
831 2499 928 2584 parte
957 2513 1079 2586 versus
1098 2489 1283 2584 spondaeus

262 2607 466 2696 gravitatem
478 2606 577 2677 affert
591 2609 744 2678 maxime
761 2617 1001 2702 opportunam.
1015 2609 1209 2703 Spondaico
1227 2631 1285 2679 au·

265 2733 335 2826 tem
346 2747 457 2795 »versu
474 2748 542 2796 non
559 2728 666 2796 semel
683 2727 807 2797 Noster
826 2728 870 2797 ad
887 2727 1130 2821 praeparandas
1153 2727 1282 2798 similes

264 2844 433 2913 clausulas
454 2842 651 2914 doctissime
666 2866 750 2925 usus
763 2854 830 2915 est.

244 2967 245 2970 ’
314 2961 403 3032 Nihil
425 2960 570 3032 arbitror
595 2972 673 3054 post
694 2961 937 3033 Callimachum
956 2963 991 3031 in
1009 2962 1143 3055 poetica
1167 2962 1286 3031 Graeca

265 3078 464 3161 inventurn,
499 3080 582 3149 nibil
605 3080 640 3149 in
657 3081 781 3151 melius
810 3088 990 3158 mutatumv
1011 3071 1130 3150 fuisse.
1164 3078 1286 3150 Omnia

185 3271 190 3282 x
266 3194 340 3288 ipse
366 3196 521 3287 perfecit.
546 3196 633 3266 Nam
650 3196 792 3267 minime
806 3199 1002 3267 Hermanno
1018 3196 1199 3286 assentior,
1221 3196 1286 3266 etsi

233 3339 234 3343 ¹
265 3313 430 3402 magistro
447 3313 660 3384 in‘omnibus
682 3335 762 3408 quae
783 3314 827 3385 ad
850 3321 996 3385 metrum
1015 3314 1186 3407 pertinent
1202 3335 1284 3407 pro-

267 3430 458 3514 batissimo,
473 3431 531 3525 qui
549 3439 664 3502 narrat
682 3433 841 3502 Nonnum
857 3440 1016 3525 poetam,
1032 3430 1212 3501 Theodosii
1227 3439 1286 3500 ant

216 3639 219 3642 Δ
267 3548 403 3619 Arcadii
423 3548 637 3642 imperatoris
662 3557 835 3641 tempore,
858 3548 1050 3620 hexametri
1072 3549 1181 3618 Graeci
1200 3569 1287 3618 cor-

309 3779 347 3862 (l)
361 3782 503 3842 Periodos
524 3782 577 3841 isti
592 3797 685 3859 quam
708 3781 870 3841 referimus
893 3798 954 3840 non
977 3779 1135 3839 inferiores
1150 3757 1284 3857 reperies

271 3880 305 3940 in
318 3881 433 3960 Ηριιιιιο
447 3879 488 3942 od
503 3881 593 3945 Dion.
608 3877 648 3960 (v.
666 3876 826 3958 tao-lto),
841 3879 874 3970 in
888 3880 1004 3959 Hpmno
1019 3877 1060 3939 od
1073 3876 1136 3940 Del.
1153 3876 1193 3959 (v.
1212 3874 1280 3954 tlt,

269 3976 330 4058 sqssl
623 3973 629 3982 ’

538 4091 558 4146 0
