2942 4709
617 213 893 323 -llz‘

201 400 273 469 iore
288 397 356 494 (1)
378 400 444 471 Sed
457 402 591 472 fortuna
605 402 691 473 adeo
705 411 819 496 poetae
836 404 945 474 nostri
961 405 1062 474 famae
1080 404 1220 487 invidit,

186 525 254 597 ut,
284 539 330 587 ex
354 518 462 589 tribus
490 519 555 614 illis
582 521 744 612 operibus
761 542 840 614 quae
858 544 945 591 eum
964 522 1224 622 celeberrimum

87 658 89 662 ¹
202 638 375 719 fecerant,
398 638 489 731 quod
503 638 684 710 minimum
702 649 775 711 erat
796 651 1017 734 supernatare
1042 645 1221 734 naufragio

9 789 17 814 ι
97 781 184 806 w·
202 755 412 854 antiquitatis
425 756 584 827 voluerit.

520 1004 899 1105 DcEpiprommdtilrua

252 1237 504 1332 Epigrammata
526 1249 640 1312 autem
662 1261 742 1334 quae
760 1247 920 1323 exstant,
947 1242 1094 1335 amplius
1117 1244 1221 1325 LXX,
1277 1291 1280 1297 ι

201 1356 379 1426 materiam
409 1379 547 1451 quoque
569 1358 676 1458 nobis
688 1355 731 1427 ad
749 1357 940 1427 laciendum
961 1358 1004 1428 de
1029 1353 1102 1429 arte
1123 1358 1227 1429 Calli-

167 1491 169 1495 *
203 1475 344 1545 machaa
367 1473 534 1566 judicium
567 1478 744 1558 offerunt,
767 1497 964 1571 quanquam
998 1477 1033 1547 id
1064 1474 1225 1548 carminis

203 1593 461 1692 genuslevioris
475 1595 640 1664 momenti
653 1593 800 1685 judicari
815 1601 945 1686 potest;
965 1594 1026 1665 sed
1043 1595 1077 1664 in
1090 1617 1226 1667 summo

203 1708 333 1779 honore
348 1710 439 1804 apud
452 1711 707 1782 Alexandrinos
725 1718 821 1781 vates
849 1704 1051 1783 habebatur,
1069 1714 1224 1808 Namque

202 1826 449 1923 epigrammata
468 1812 538 1900 non
561 1836 693 1898 tantum
721 1827 923 1909 mordaceS,
945 1836 983 1897 ut
1009 1827 1099 1920 apud
1132 1851 1219 1911 nos,

75 2007 78 2011 .
205 1945 420 2015 sententiolae
437 1925 553 2027 erant;
575 1937 710 2016 sed'his
726 1943 910 2016 utebantur
925 1953 1037 2038 poetae
1054 1943 1096 2017 ad
1113 1947 1226 2038 expri-

9 2045 11 2056 ’
168 2087 171 2093 ¹
200 2051 346 2134 mondus
363 2085 484 2134 omnes
499 2086 622 2135 sensus
642 2064 701 2158 qui
719 2075 863 2134 acumen
879 2063 1052 2157 quoddam
1068 2073 1127 2134 aut
1144 2063 1225 2133 bre-

173 2215 176 2219 1
205 2180 284 2250 vius
304 2180 439 2251 dicendi
462 2203 579 2272 genus
596 2181 786 2275 requirunt.
817 2181 983 2250 Amantes
1006 2191 1106 2251 suum
1127 2204 1225 2252 amo-

205 2318 300 2380 rem,
324 2299 425 2368 amici
441 2319 539 2369 suam
557 2299 760 2380 amicitiam,
786 2298 889 2368 aulici
910 2319 991 2368 suas
1013 2295 1227 2370 adulationes

205 2414 450 2506 epigrammate
481 2413 745 2507 significabant;
773 2415 922 2509 denique
949 2416 1020 2485 fere
1044 2417 1158 2486 omnia
1186 2439 1227 2487 ea

108 2593 113 2602 „
204 2552 331 2620 genera
358 2553 438 2626 quae
454 2554 532 2603 ,nos
564 2530 744 2629 sopitivum
756 2528 882 2628 poesim
899 2532 1130 2624 appellamus,
1154 2539 1225 2601 tum
1336 2575 1338 2580 <

205 2647 241 2716 in
267 2649 513 2741 epigrammata
533 2649 764 2719 conlluebant.
794 2649 833 2717 ln
854 2649 1015 2719 convictu
1038 2657 1151 2740 autem
1169 2650 1225 2720 illo

205 2766 441 2838 Alexandrino
478 2768 669 2861 saepissime
718 2767 855 2838 occasio
899 2766 1044 2837 dabatur
1087 2767 1131 2838 ad
1168 2769 1225 2838 fa-

205 2881 326 2954 cienda
379 2886 454 2974 ejus
506 2883 600 2954 modi
658 2883 863 2976 poematia,
916 2882 1063 2976 ideoque
1113 2885 1227 2978 nullus

207 3000 278 3069 lere
313 2989 416 3091 hujus'
454 3001 567 3071 aetatis
608 3007 709 3094 poeta
750 3009 820 3082 est,
854 3000 913 3094 qui
944 3023 1014 3071 non
1049 3001 1226 3094 epigram-
1267 3056 1270 3060 .

205 3122 334 3186 matum
369 3123 498 3206 auctor
520 3113 659 3188 feratur.
695 3119 788 3187 luter
821 3138 909 3211 quos
938 3126 1032 3188 certe
1068 3118 1226 3212 princeps

208 3234 335 3304 eminet
362 3235 504 3315 Noster;
528 3258 632 3317 nam,
654 3235 808 3306 omnium
835 3256 1025 3318 consensu,
1051 3238 1126 3327 ejus
1141 3238 1225 3329 Epi-

169 3336 171 3339 Α
208 3365 399 3446 grammata
411 3356 500 3453 inter
517 3358 646 3450 optima
663 3357 768 3427 totius
784 3355 996 3450 antiquitatis
1013 3358 1224 3428 numeranda

209 3485 301 3546 suut.
544 3557 547 3566 Ἰ
856 3476 859 3480 ’
999 3531 1000 3534 ,

256 3587 357 3663 Aliud
375 3574 427 3662 est
440 3591 633 3663 Callimachi
649 3615 791 3685 poema,
808 3592 931 3686 dequo
950 3591 1034 3662 nihil
1053 3591 1223 3686 dirimuS,

184 3699 186 3702 ’
209 3729 243 3782 τὰ
257 3724 353 3791 otuu,
375 3708 509 3824 dquam
533 3712 625 3806 quod
645 3721 761 3784 tamen
777 3712 995 3784 Weichertus
1016 3713 1225 3806 praecipuum

251 3940 288 4023 (l)
305 3942 373 4003 Vid.
394 3942 503 4021 Hymni
521 3941 561 4003 ad
573 3941 748 4021 Apollinem
766 3941 904 4021 Scholia,
920 3964 949 4005 v.
967 3945 1035 4006 loo.
1146 4037 1148 4040 ι
