2942 4709
678 295 872 365 ..52-

259 491 262 496 ·
319 451 456 544 ltaque,
475 458 513 535 ut
529 449 618 523 dicta
645 472 750 544 quam
777 444 981 520 brevissime
1009 457 1180 543 repetam,
1208 458 1287 522 ante

267 566 509 640 Callimachum
525 565 612 659 epici
626 574 660 637 et
676 565 816 657 elegiaci
833 567 944 659 primo
961 565 1148 637 Homerum
1165 565 1287 640 imitati

216 707 217 712 ¹
270 692 373 764 sunt,
394 684 455 755 sed
476 703 546 754 non
570 684 652 756 satis
673 690 767 755 certo
794 682 943 773 judicio;
966 683 1109 765 deinde,
1131 683 1286 775 vestigiis

269 803 344 892 ejus
369 801 514 884 relictis,
546 801 590 872 ad
613 822 723 891 genus
739 801 866 895 eloquii
896 819 1023 874 norum
1043 801 1283 883 deflexerunt,

268 917 362 1014 quod
381 920 550 1009 elegantia
572 926 606 989 et
633 925 707 990 arte
723 919 851 1012 saepius
869 916 990 990 caruit.
1008 918 1284 990 Videturautem

268 1034 491 1108 Callimachus
507 1036 686 1129 consilium
715 1036 877 1108 habuisse
904 1034 973 1108 duo
997 1036 1053 1108 illa
1084 1036 1167 1108 vitia
1184 1036 1286 1108 simul

269 1155 419 1236 vitandi,
444 1162 481 1226 et
510 1154 661 1226 medium
689 1153 862 1248 quoddam
887 1154 952 1226 iter
973 1153 1062 1225 inter
1081 1154 1229 1247 cyclicus
1253 1163 1287 1225 et

209 1295 213 1302 ·
268 1272 509 1346 Antimachum
524 1271 689 1348 «tenendi.
723 1272 859 1342 Etenim
892 1271 936 1360 ad
958 1272 1184 1345 imitationem
1209 1274 1286 1344 Ho-

270 1390 355 1460 meri
374 1410 535 1459 reversus
547 1393 621 1469 est,
646 1387 705 1481 qui
724 1395 860 1481 semper
875 1388 987 1458 omnis
1004 1390 1237 1481 poeticaelons
1253 1397 1288 1461 et

265 1511 362 1600 origo
378 1508 659 1589 existimabatur3
677 1506 737 1580 sed
756 1507 838 1601 quid
853 1507 889 1578 in
900 1530 942 1582 eo
955 1509 1155 1581 imitandum
1174 1515 1284 1592 esset,

268 1626 350 1719 quid
366 1626 557 1697 obsoletum
573 1631 607 1694 et
625 1624 866 1714 negligendum
884 1633 964 1717 apte
982 1625 1145 1722 discrevit
1159 1653 1166 1697 :
1180 1627 1225 1698 ab
1241 1648 1284 1699 eo
1329 1708 1331 1710 ‚

267 1744 434 1815 rationem
450 1752 582 1814 tantum
599 1798 607 1824 ‚
631 1751 709 1814 non
721 1742 827 1814 verba
847 1751 880 1812 et
902 1765 1007 1816 voces
1024 1752 1200 1817 mutuatus
1217 1754 1283 1818 est.

268 1862 342 1932 lmu
358 1849 523 1956 quidquid
546 1860 638 1955 apud
653 1861 841 1934 Homerum
861 1860 964 1932 nimis
983 1861 1133 1954 priscum
1153 1870 1188 1933 et
1204 1863 1288 1935 sim-

266 1981 367 2073 plex,
385 1986 443 2051 aut
455 1979 625 2050 interdum
642 1978 744 2050 nimis
766 1978 850 2050 rude
874 1986 985 2062 esset,
1004 1978 1163 2051 studebat
1179 1982 1288 2052 corri-

153 2077 156 2084 ’
264 2119 360 2188 gere.
378 2097 525 2188 Vulgare
554 2107 668 2166 autem
690 2095 842 2177 dicendi.
852 2118 980 2186 genus,
1015 2096 1102 2170 sicut
1131 2097 1288 2168 Antima-

173 2253 175 2256 ·
265 2216 351 2287 chus
364 2269 371 2297 ‚
390 2216 514 2285 Noster
529 2236 666 2308 quoque
676 2213 938 2304 diligentissime
953 2214 1094 2296 vitavit,
1109 2214 1289 2286 doctrinae

266 2355 334 2429 que
361 2321 495 2404 laudem
515 2338 731 2404 consectatus
749 2338 824 2408 este
842 2331 903 2402 sed
924 2332 1189 2404 concinnitatem
1208 2353 1288 2404 ser-

266 2450 378 2521 monis
403 2458 437 2520 et
459 2457 675 2520 venustatem
709 2470 780 2520 non
803 2449 976 2538 neglexit,
999 2459 1037 2519 ut
1057 2449 1129 2530 ille;
1161 2449 1286 2520 ceteris

267 2573 349 2638 raro
374 2564 633 2660 anteponendas
654 2587 713 2637 eas
738 2586 875 2659 semper
902 2565 1126 2637 existimavit.
1156 2566 1210 2636 Ex
1232 2566 1287 2637 his

267 2684 427 2756 omnihus
441 2705 496 2754 ars
510 2683 703 2754 Callimachi
719 2691 878 2754 constare
894 2681 977 2752 mihi
993 2683 1140 2764 videtur,
1156 2683 1200 2754 de
1217 2704 1286 2786 qua

266 2803 340 2896 ipsa
355 2803 428 2893 Jam
444 2802 590 2894 amplius
604 2801 773 2873 disserere
790 2801 981 2891 aggrediar.

504 3066 549 3140 Dc
564 3067 694 3141 ratione
709 3066 793 3140 ortis
814 3064 1052 3142 Callimachus.

315 3300 402 3382 Quae
418 3291 533 3370 de‘illa
554 3299 828 3371 versificandi·et
852 3301 1012 3395 loquendi
1034 3302 1164 3373 ratione
1181 3302 1286 3374 Calli-

261 3420 403 3491 machea
421 3419 521 3518 nobis
536 3419 680 3491 dicenda
696 3428 795 3501 sunt,
817 3419 851 3489 in
864 3429 933 3491 tres
950 3408 1066 3515 partes
1081 3421 1189 3493 dividi
1199 3445 1283 3516 pos-

265 3545 344 3609 sunt
381 3564 388 3606 :
425 3560 556 3620 unam,
591 3538 634 3609 de
664 3561 806 3631 operum
835 3531 1112 3632 compositione;
1146 3541 1278 3624 aliam,

181 3805 184 3810 ·
265 3770 461 3831 mesiairactis
475 3771 625 3848 equalem
647 3777 774 3850 putant;
798 3772 919 3833 namin
938 3790 974 3832 eo
1000 3767 1164 3834 manifesta
1184 3773 1280 3834 Musei

262 3877 422 3949 poetarum
447 3869 579 3956 imitatio
595 3878 744 3952 apparet,
769 3870 815 3933 ita
834 3878 869 3930 ut
896 3871 979 3936 inter
1000 3871 1169 3954 discipulos
1187 3871 1281 3933 Calli·

263 3967 363 4029 machi
372 3967 442 4046 Jure
457 3966 652 4050 reponendus
667 3987 735 4031 esse
751 3967 916 4032 videatur.
967 3975 968 3980 ’
