2942 4709
562 360 565 367 .
682 260 871 329 ..11-

264 413 471 506 Philadelphi
488 414 663 504 magister,
679 412 832 483 Athenas
845 421 924 483 ante
944 413 1045 503 hujus
1059 411 1215 505 discipuli
1232 415 1285 483 sui

265 531 492 624 principatum
513 552 673 601 reversus
693 538 763 613 est,
783 531 843 601 ubi
859 531 1083 624 Theophrasti
1109 553 1288 602 successor

267 647 341 716 fuit.
782 653 788 665 ‘

315 764 610 847 Quemadmodum
627 753 860 857 philosophia,
879 765 927 835 sic
952 773 987 835 et
1008 765 1177 836 rhetorica
1196 772 1286 835 tute-

266 885 333 953 lam
353 885 615 954 Ptolemaeorum
642 884 846 976 repudiavit.
875 883 942 954 Sed
959 885 1100 975 viguere
1117 885 1151 954 in
1167 883 1286 955 Museo

264 1001 379 1071 omnia
409 1001 600 1071 studiorum
626 1023 753 1091 genera
784 1023 864 1096 quae
897 1003 1123 1095 patrocinium
1156 1003 1287 1073 facilius

266 1114 451 1211 patiuntur.
490 1118 613 1189 lllissos
657 1119 745 1212 xfacio
789 1120 1066 1202 mathematicos
1103 1121 1283 1215 physicos,

264 1239 429 1310 medicos
447 1238 597 1320 Verum,
616 1245 654 1307 ut
673 1238 716 1311 de
733 1240 814 1309 solis
838 1231 959 1310 litterls
977 1242 1109 1334 loquar,
1133 1242 1285 1313 maximo

265 1357 387 1427 ardore
404 1341 579 1427 colebatur
609 1358 850 1445 grammatica,
873 1381 935 1432 ‚ars
969 1381 1059 1429 nova
1086 1381 1228 1452 prorsus
1253 1369 1288 1431 et

263 1475 465 1567 multiplex,
500 1494 579 1568 quae
610 1473 645 1542 in
663 1475 847 1545 'veteribus
878 1476 989 1568 poetis
1023 1478 1228 1548 annotandis
1250 1487 1285 1549 et

260 1593 473 1684 judicandis
503 1594 537 1661 in
563 1573 796 1688 disquirendis
824 1595 867 1665 iis
897 1616 1123 1691 quaecumque
1151 1598 1195 1667 ad
1226 1619 1287 1667 ra-

265 1710 392 1787 tionem
439 1708 573 1779 dicendi
617 1709 858 1803 scribendique
898 1718 1074 1802 spectant,
1112 1722 1281 1783 versatur.

264 1826 484 1897 Tractabatur
512 1848 648 1919 quoque
689 1821 850 1907 historia,
901 1849 941 1897 ac
987 1829 1158 1921 praecipue
1203 1842 1284 1924 pars

263 1946 337 2035 ejus
370 1965 449 2038 quae
486 1945 689 2036 populorum
735 1943 885 2034 origines
918 1944 1175 2035 investigandas
1222 1948 1286 2017 sibi

262 2062 434 2154 proponit.
475 2062 630 2153 Denique
673 2070 853 2154 poetarum
899 2063 1052 2154 ipsorum
1097 2074 1286 2156 pmventus

264 2178 439 2250 crescebat
461 2177 610 2258 uberior,
647 2200 692 2247 ex
722 2178 847 2271 quibus
877 2180 1031 2249 nonnulli
1052 2182 1286 2253 clarissimum

264 2324 390 2373 nomen
421 2299 584 2369 habuere.
611 2300 697 2369 Eam
725 2300 899 2392 praecipue
922 2302 1073 2383 famam,
1100 2303 1286 2374 Ptolemaeo

250 2417 485 2509 ¹Philadelpho
514 2423 702 2506 regnante,
736 2416 853 2509 poesis
874 2416 1108 2488 Alexandrina
1131 2427 1288 2490 assecuta
1347 2468 1351 2471 ι

268 2546 345 2607 est.
366 2537 425 2603 llle
453 2534 545 2603 euim
574 2533 750 2627 princeps,
785 2533 926 2603 Philetae
955 2535 1043 2606 vatis
1074 2535 1282 2628 discipuluS,

266 2662 363 2724 vates
393 2654 428 2721 iu
453 2673 587 2721 summo
605 2653 735 2721 honore
759 2650 930 2750 babebat,
960 2659 1062 2745 atque
1083 2653 1133 2721 eis
1151 2653 1285 2724 favebat

267 2770 447 2863 imprimis.
492 2769 648 2839 Poeticos
685 2768 877 2837 instituerat
908 2768 1028 2848 ludos,
1068 2769 1286 2864 victoresque

267 2886 419 2980 praemiis
447 2883 698 2954 remunerabat.
722 2884 760 2952 ln
780 2883 921 2954 theatris
956 2883 1145 2973 agebantur
1169 2887 1287 2955 multae

268 3005 410 3085 fabulae,
430 3004 539 3073 sivoa
559 3001 732 3072 veteribus
744 3057 751 3082 ,
764 2997 849 3070 ‘sive
866 3002 909 3070 ab
929 3002 1125 3072 auctoribus
1147 3003 1285 3094 tragicae

269 3123 411 3219 pleiadis
427 3121 645 3214 compositae;
671 3120 823 3190 carmina
848 3119 987 3190 Homeri
1008 3120 1143 3213 publice
1158 3122 1287 3191 recita-

268 3242 409 3317 bantur;
428 3237 575 3329 denique
590 3237 633 3305 ad
650 3235 831 3306 excitanda
846 3236 983 3325 ingenia
997 3236 1286 3332 refovendamque

269 3366 446 3452 poetarum
465 3375 587 3424 venam
605 3355 717 3424 omnis
738 3351 842 3446 opera
859 3343 1133 3445 impendebatur.

285 3520 290 3526 -
321 3473 487 3556 Quaenam
517 3479 630 3541 autem
661 3471 723 3539 fuit
749 3470 847 3550 istius
872 3470 1115 3542 Alexandrinae
1139 3492 1286 3563 poeseos

252 3667 254 3670 ,
271 3569 488 3683 virtus‘lquis
503 3589 674 3659 color‘l-
689 3588 723 3657 Si
743 3588 821 3682 quis
839 3609 915 3656 eam
928 3610 1006 3657 cum
1018 3586 1285 3680 praecedentium

271 3713 411 3777 aetatum
425 3705 520 3798 poesi
537 3705 689 3774 conferat
704 3751 715 3785 ,ι
744 3706 849 3774 multo
872 3703 1066 3773 inferiorem
1089 3703 1162 3774 sine
1182 3703 1287 3774 dubio

269 3823 447 3915 judicabit.
464 3823 534 3902 Nec
552 3822 643 3891 enim
659 3821 754 3894 idem,
768 3821 938 3915 splendor,
966 3842 1030 3890 nec
1047 3821 1167 3891 eadem
1185 3822 1289 3891 inve-

270 3947 386 4019 niendi
404 3946 458 4017 vis
480 3946 516 4017 in
534 3966 574 4015 ea
589 3945 768 4039 reperitur.
794 3944 889 4013 Multi
912 3939 1163 4013 Alexandrinos
1188 3951 1286 4014 vates
