2942 4709
671 290 717 304 ...
745 250 791 321 08
820 291 865 303 .-

308 397 478 474 Amicitiae
504 422 574 476 non
606 402 718 493 magis
749 425 851 498 quam
882 404 992 474 emori
1013 404 1146 474 alienus
1171 404 1277 475 luisse

258 519 394 590 ridetur
416 517 669 591 Callimachus:
696 543 777 592 nam
801 521 837 592 in
861 519 1068 616 quibusdam
1092 506 1278 615 Epigram-

255 636 403 707 mntibns
429 637 618 708 amicornm
635 645 780 709 mortem
806 638 1005 731 simpliciter
1023 645 1058 708 et
1075 659 1157 708 vere
1176 660 1279 709 com-

256 762 353 825 moto
369 754 484 824 animo
502 755 609 845 luget.
623 755 778 838 Quorum
795 757 980 827 affectuum
997 756 1158 849 exempla
1175 776 1279 848 repe·

257 870 327 941 ries
354 869 390 939 in
420 851 521 963 Epig.
546 871 595 953 11,
620 871 671 953 x,
697 871 769 954 xv,
791 857 917 954 rivin,
939 871 1091 942 xxvnr.
1110 872 1279 942 Nonnuna

257 1009 360 1082 quam
377 993 411 1062 et
426 987 462 1058 in
477 987 624 1059 dolenda
646 989 885 1061 defunctorum
904 1000 1016 1073 sorte,
1038 998 1078 1060 et
1096 990 1133 1060 in
1149 989 1277 1064 virtute

209 1093 211 1097 ⁴
255 1102 449 1187 laudanda,
481 1125 606 1195 graves
633 1106 822 1177 sententias
843 1107 1044 1201 nobilesque
1061 1113 1182 1177 nactus
1199 1112 1276 1188 est,

255 1221 446 1314 praesertim
464 1222 500 1290 in
516 1222 616 1315 Epig.
648 1223 805 1324 xxvlll,
828 1232 863 1295 et
880 1225 917 1295 in
937 1224 1037 1318 Epig.
1059 1225 1109 1305 X,
1136 1225 1171 1294 in
1190 1223 1277 1294 Sao·

256 1357 355 1420 nem,
377 1337 598 1429 cujusverba
611 1337 688 1431 ipss
704 1342 850 1411 referam
867 1366 874 1409 :

326 1592 329 1598 ,
359 1536 428 1613 Τᾷδε
440 1536 537 1616 ΣάωνῙὸ
551 1540 662 1599 Alcanor
678 1525 805 1600 Α’κάνθιος
818 1528 885 1614 lepor
899 1538 982 1595 ὕπνον

421 1637 563 1716 Κοιμᾶται.
586 1636 713 1696 eadmer
728 1622 763 1712 μή
781 1638 834 1714 λέγε
848 1644 911 1705 τούς
930 1643 1054 1717 ἀγαθούς.

256 1818 306 1887 Dc
323 1817 398 1888 aliis
414 1817 707 1912 Epigrammatom
725 1818 909 1912 generibus
933 1825 1050 1898 taceo,
1076 1839 1274 1913 quanquam

177 1925 179 1928 ’
256 1936 363 2005 multa
395 1956 533 2029 quoque
564 1937 703 2031 excerpi
736 1943 878 2029 possent
911 1917 1012 2005 lande
1044 1933 1272 2025 dignissima:

257 2051 319 2122 sed
334 2050 417 2120 nihil
433 2052 516 2122 novi
531 2051 575 2123 ad
588 2053 816 2148 quaestionem
833 2048 1044 2145 propositam
1056 2052 1232 2121 afferrent.

307 2172 345 2240 ln
380 2172 580 2261 fragmentis
605 2180 739 2254 autem,
760 2194 840 2267 quae
855 2171 1137 2243 numerosissima
1153 2190 1276 2264 snper-

255 2296 335 2359 sunt
350 2344 358 2368 ,
376 2290 539 2359 nonnulla
558 2289 662 2359 etiam
682 2288 901 2359 suavissimae
926 2287 1106 2378 elegantiae
1129 2286 1274 2377 vestigia

257 2407 557 2501 deprehendimus
572 2409 575 2417 '
589 2408 687 2478 Nunc
716 2407 808 2478 enim
836 2414 974 2477 teneros
1007 2425 1149 2487 sensns,
1184 2426 1277 2475 nunc

259 2527 398 2610 tristes,
432 2549 523 2598 nnnc
551 2528 773 2597 vehementer
803 2547 1012 2620 expreSSOS,
1048 2547 1141 2595 nunc
1171 2526 1275 2595 etiam

257 2666 364 2715 unum
380 2631 523 2714 verbum
541 2642 652 2737 lepide
669 2643 817 2725 dictum,
847 2649 906 2713 aut
922 2621 1068 2723 novum,
1088 2642 1144 2712 hic
1158 2649 1193 2712 et
1206 2641 1275 2713 illic

258 2764 387 2858 possim
403 2764 572 2838 invenies.
590 2764 643 2832 Ex
660 2763 786 2857 quibus
802 2784 871 2832 non
891 2761 1182 2855 praetermittenda
1195 2770 1276 2833 sunt

257 2863 369 2975 primo
388 2883 474 2972 frag.
507 2880 593 2973 CVI,
626 2880 718 2974 quod
735 2902 781 2951 ex
807 2879 914 2969 elegis
937 2869 1277 2972 decerptumomnes

258 2999 384 3079 critici,
413 2998 458 3069 oh
481 3005 696 3068 venustatem
719 3005 754 3069 et
775 2997 1039 3068 concinnitatem
1068 2998 1161 3086 ejus,
1181 2996 1276 3087 judi·

258 3101 581 3196 caverunt;·deinde
594 3115 681 3206 trag.
697 3115 744 3184 XI
759 3169 768 3196 ,
785 3114 855 3185 CXI
871 3170 880 3196 ‚
899 3113 1028 3185 CXXVI
1043 3109 1179 3209 (Ero).
1205 3114 1278 3184 Re-

165 3257 169 3264 ·
258 3233 437 3328 liquiarum
456 3233 557 3322 etiam
574 3231 718 3302 istamm
732 3213 948 3303 brevissimae
961 3230 1131 3302 interdum
1147 3230 1277 3325 aliquid

259 3350 407 3420 offerunt
423 3348 516 3444 quod
536 3333 788 3420 animadvertas
809 3372 816 3416 :
835 3355 873 3416 ut
889 3355 943 3419 est
959 3369 998 3420 ea
1019 3347 1187 3418 sententia
1206 3372 1214 3417 :
1349 3373 1353 3378 ·

657 3537 718 3605 liert
732 3551 787 3611 θέος
798 3545 857 3605 οὐδὲ
866 3549 995 3624 relatam

361 3636 493 3705 Α’κλαυστὶ
507 3649 664 3723 aspamam
680 3649 822 3724 ὀϊζύροισιν
835 3645 920 3705 ἔδωκε.
982 3642 1090 3726 (Fraq.
1110 3640 1278 3722 CDXVIII.)

252 3825 374 3919 anue
390 3826 612 3908 exclamatio,
631 3847 712 3921 qnae
729 3824 821 3919 apud
835 3825 972 3916 Latinos
985 3825 1190 3917 amplificata
1206 3847 1276 3895 non

259 3943 365 4012 semel
377 3941 545 4034 reperitur
566 3967 574 4011 ε
634 4020 642 4036 ,
