2942 4709
626 338 877 409 -98-‚

223 490 360 562 tandem
374 491 551 572 discessit;
571 515 610 563 ac
627 494 723 564 visus
741 501 793 565 est
810 495 912 587 pa'ulo
928 506 1007 588 post
1023 495 1088 565 iste
1102 494 1237 565 versifi-

221 610 318 680 candi
334 610 500 680 rationem
516 610 683 692 imitatus
703 633 807 705 quam
826 612 937 705 primo
955 599 1142 705 carpserat.

98 713 101 717 “
270 731 514 800 Alexandrinae
550 729 653 821 igitur
679 732 762 801 artis
793 732 827 800 in
856 731 1060 802 Callimacho
1098 735 1174 803 fons
1204 741 1237 802 et

219 841 426 941 principium
453 856 518 919 ost.
540 850 606 919 Ars
621 871 662 919 ea
681 849 716 918 in
729 849 860 919 ltaliam
876 850 999 920 deindo
1018 850 1196 935 transivit„
1216 873 1236 920 a

113 1051 116 1072 ἱ
220 967 450 1055 grammaticis
462 955 662 1061 im'portata;
678 975 781 1061 atquc
792 966 858 1047 ibi,
875 967 909 1034 in
925 968 999 1062 ipsa
1014 968 1240 1039 Romanarum

110 1075 115 1100 ²
221 1063 408 1152 litterarum
423 1081 663 1154 florentissima
679 1091 793 1164 aetate,
812 1084 962 1154 maximo
977 1085 1065 1154 culta
1079 1092 1144 1153 est.
1154 1084 1240 1167 Qnae

211 1197 359 1290 ⁴quidam
386 1183 500 1278 Nostri
526 1200 698 1292 praecipua
714 1201 788 1270 laus
814 1189 892 1271 essc
910 1200 994 1270 mihi
1018 1200 1165 1298 videtur.
1183 1187 1237 1270 hd

220 1308 388 1408 poatioam
404 1318 494 1387 enim
508 1317 660 1388 Latinam
675 1313 923 1388 informandam
939 1327 972 1387 ct
984 1317 1237 1410 perpoliendam

222 1435 406 1526 plurimum
419 1435 562 1524 adjuvit.
582 1436 862 1507 Praestantissimi
891 1436 1033 1506 Romani
1061 1444 1158 1505 vates
1181 1439 1235 1507 vel

221 1551 329 1643 ipsius
356 1551 511 1644 discipuli
527 1554 645 1632 fuere,
672 1554 727 1623 vol
745 1552 993 1646 ¹discipulorum
1008 1554 1107 1642 ejus;
1132 1555 1178 1623 ita
1200 1562 1238 1622 ut

224 1691 293 1739 non
309 1670 420 1739 solum
438 1669 473 1737 in
487 1669 703 1749 Callimacho,
723 1670 783 1740 sed
797 1672 904 1740 multo
920 1671 1030 1760 magis
1045 1671 1079 1739 in
1095 1671 1237 1751 Catulle,

154 1870 156 1874 ¹
176 1847 178 1850 .
221 1789 256 1855 in
278 1787 438 1877 Virgilio,
460 1788 495 1856 in
521 1787 668 1868 Ovidio,
690 1795 728 1858 ut
750 1788 795 1857 ita
811 1787 946 1874 dicam,
966 1810 1022 1859 ars
1041 1788 1234 1859 Callimachi

170 1979 173 1988 .
224 1908 421 1978 admiranda
438 1929 515 1977 csso
529 1908 698 1978 videatur.

222 2181 223 2184 Ἴ
325 2205 327 2211 ’
348 2217 418 2278 Vidi
432 2218 597 2297 acpeilegi
610 2265 635 2301 ,ἵ

426 2355 554 2415 Lutetiae
569 2353 754 2415 Parisiorum
768 2313 827 2431 ,in
841 2352 995 2430 Scrbona,
1012 2352 1092 2431 prid.
1113 2373 1183 2413 non.

402 2478 404 2482 ·
466 2451 580 2513 octobr.
599 2469 671 2512 ann.
689 2449 823 2512 MDCCC
836 2452 895 2530 LV,

585 2587 746 2649 Facultctr's
757 2553 940 2648 Litterarum
951 2587 984 2647 io
999 2586 1165 2649 Arminio

627 2686 795 2749 Porisianri
810 2687 957 2777 Dcccnm,v

770 2786 1103 2883 r-vnrqmcmno.

322 3002 397 3066 lypis
403 3002 539 3053 mandetur
553 3022 557 3048 :

259 3123 407 3171 Academia
421 3122 587 3171 Portstenst's
601 3121 701 3178 Boccor,

460 3244 551 3292 crvx.

1458 3229 1459 3268 l

1151 3761 1155 3767 1

1458 4181 1459 4226 l

1458 4249 1459 4298 l

1458 4303 1459 4348 l
