2942 4709
617 231 679 311 ou
709 230 835 313 ARTE

372 566 781 676 CALLlMACHl
821 566 1078 678 POETAE.

672 936 779 984 W

571 1319 866 1396 INTRODUCTIO.

260 1892 489 1994 Rumoribus
505 1917 727 2010 scriptoribus
749 1918 807 2010 qui
827 1918 870 1987 de
901 1893 1105 1988 Callimacho
1135 1919 1239 1987 locuti

212 2035 309 2118 sunt,
330 2038 441 2107 nullus
469 2043 523 2106 est
548 2037 619 2105 lere
642 2037 701 2129 qui
720 2046 824 2106 urtam
846 2037 921 2126 ejus
946 2058 1015 2106 non
1035 2035 1237 2119 laudaverit.

213 2154 302 2222 Dum
331 2153 365 2221 in
386 2151 507 2221 ceteris
527 2151 638 2243 poetis
663 2151 819 2221 diversas
838 2151 964 2242 ingenii
986 2151 1104 2232 dotes,
1127 2150 1237 2221 subli·
1274 2233 1277 2237 Α

216 2268 388 2349 mitatem,
418 2267 666 2362 eloquentiam,
686 2268 756 2336 vim
784 2268 1114 2340 commovendornm·
1130 2268 1240 2340 allec-

213 2396 308 2455 tuum
346 2386 530 2465 mirantur‚
572 2385 606 2456 in
650 2384 856 2458 Callimacho
901 2385 1070 2456 condendi
1112 2407 1235 2455 versus

214 2500 393 2571 artificium
421 2521 557 2592 semper
576 2499 778 2591 praedicant.
808 2501 907 2593 Apud
936 2502 1108 2590 Romanos
1142 2521 1239 2591 prae-

216 2619 351 2697 sertim,
380 2618 586 2710 quicumque
604 2638 700 2709 opus
729 2618 850 2707 elegiae
871 2625 1106 2698 tentaverunt,
1126 2639 1236 2706 genus

213 2735 381 2830 imprimis
415 2757 434 2804 a
471 2733 638 2825 Cyrenaeo
682 2743 761 2805 vate
799 2736 1023 2816 illustratum,
1064 2757 1142 2804 enm
1170 2734 1237 2804 stili

214 2855 457 2948 peritissimum
477 2853 678 2942 magistrum
696 2855 905 2925 cecinerunt.

264 2975 412 3044 Catullus
434 2971 564 3064 primo,
586 2972 734 3044 eximius
756 2975 812 3043 ille
828 2995 992 3044 versuum
1008 2973 1145 3065 opifex,
1166 2981 1237 3042 tam

213 3091 346 3161 delicati
387 3087 536 3181 penicilli
586 3089 710 3180 pictor,
755 3090 977 3183 omniumque
1017 3096 1238 3160 venustatum

211 3207 345 3278 dicendi
361 3205 636 3278 amantissimus.
657 3227 717 3274 eas
732 3205 860 3298 quibus
871 3207 946 3298 ipse
961 3205 1133 3275 eminebat
1141 3204 1240 3274 dotes

215 3326 248 3394 in
260 3324 464 3394 Callimacho
480 3321 693 3402 celebrabat,
709 3330 811 3416 alque
826 3378 834 3404 ,
853 3333 889 3393 ut
903 3322 1045 3393 similior
1060 3322 1106 3391 illi
1120 3321 1234 3402 fieret,

212 3466 318 3514 unum
335 3465 380 3512 ex
399 3438 608 3510 carminibus
625 3441 700 3529 ejus
716 3442 867 3520 maxime
882 3442 1076 3522 laudatum,
1098 3436 1237 3509 Comaru

181 3609 184 3615 -
213 3556 393 3640 Berenices,
420 3559 454 3626 in
471 3557 626 3627 Latinum
646 3558 814 3629 vertebat.
940 3582 942 3586 ·

73 3731 75 3738 .
148 3735 151 3741 .
228 3727 229 3730 η
262 3676 457 3769 Propertius
477 3695 614 3769 quoque
637 3677 970 3766 numerosejusdem
987 3675 1172 3764 castigatos
1191 3669 1235 3739 ad

213 3819 362 3886 unguem
382 3803 578 3865 constanter
602 3795 839 3878 aemulabatur,
871 3792 1097 3888 Romanusque
1127 3787 1236 3862 Colli·
1361 3884 1363 3887 y

215 3911 345 3984 raucius
366 3912 479 3983 vocari
501 3909 657 4002 cupiebat
683 3936 688 3978 :
