2942 4709
645 306 839 375 435..

229 463 379 533 maxime
397 464 551 554 suijuris
567 465 705 535 mansit.
727 467 938 558 Argumenta
953 466 1045 535 enim
1064 488 1144 559 quae
1162 474 1254 538 trac-

229 582 314 652 tavit
330 583 532 677 plemmque
559 569 652 654 noua⁴
679 600 798 667 erant,
830 588 910 657 licet
930 607 971 656 ea
987 606 1125 679 quoque
1141 588 1175 656 in
1192 610 1254 678 ge-

227 720 309 768 nere
331 697 424 769 tenui
442 719 482 768 ac
500 697 615 769 subtili
638 709 837 781 versentur;
859 702 1003 796 ideoque
1031 701 1254 792 insigniorem

226 814 374 908 aliquam
402 814 538 884 laudem
559 825 763 887 consecutus
784 826 849 887 est.
872 816 938 888 Sed
959 817 995 886 in
1007 817 1088 898 illo,
1108 817 1207 911 aeqde
1222 826 1256 887 et

233 933 269 1001 in
289 931 411 1002 ceteris
427 932 501 1023 ejus
519 934 642 1015 seculi,
663 935 1123 1029 exquisitissimum'dicendi
1142 958 1251 1026 genus

91 1056 94 1058 ’
197 1094 198 1097 =
227 1048 391 1140 reperias,
411 1047 600 1118 Verborum
621 1050 712 1119 enim
730 1051 899 1121 delectum
916 1072 1049 1121 summa
1077 1073 1155 1120 cum
1174 1074 1256 1122 cura

226 1185 266 1234 ac
281 1162 455 1253 diligentia
476 1164 598 1244 efficit;
622 1188 667 1234 ex
698 1165 934 1236 Alexandrina
966 1164 1119 1236 doctrina
1149 1168 1257 1261 quid-

200 1283 309 1377 ·quid
345 1285 512 1378 optimum
537 1292 610 1355 erat
638 1286 844 1379 sumpsisse,
870 1285 1034 1380 quidquid
1058 1308 1143 1356 vero
1164 1289 1255 1379 puti-

226 1398 308 1469 dum
325 1389 383 1471 aut
399 1401 501 1470 nimis
518 1401 710 1483 eruditum,
731 1402 909 1496 reliquisse
928 1401 1076 1494 videtur.
1097 1402 1147 1470 Ea
1177 1404 1258 1473 scri-

227 1517 330 1587 bendi
348 1517 433 1588 ratio
447 1518 638 1611 praesertim
653 1520 688 1588 in
700 1519 928 1613 pastoralibus
947 1519 1077 1612 ldylliis
1090 1528 1231 1612 apparet
1245 1546 1252 1600 ;

227 1656 308 1703 nam
323 1642 436 1704 cetera
454 1689 461 1714 ,
484 1638 570 1727 quae‘
584 1635 681 1727 opica
696 1634 868 1716 dicuntur,
896 1634 1050 1715 facilius,
1076 1657 1154 1705 meo
1167 1635 1257 1725 judi-

226 1750 299 1832 cie,
331 1759 365 1821 at
397 1751 625 1841 negligentius
655 1753 782 1846 scripta
813 1761 915 1833 sunt,
957 1774 1066 1846 eoque
1102 1760 1254 1843 tempore

227 1869 417 1962 composita
438 1891 515 1939 esse
547 1869 703 1950 arbitror,
744 1891 812 1964 quo
841 1868 979 1959 juvenis
999 1869 1112 1938 adhuc
1129 1878 1248 1939 auctor

230 2008 340 2077 genus
354 1986 447 2081 quod
464 1986 529 2056 sibi
546 1988 745 2058 conveniret
761 2008 831 2057 non
843 1987 1032 2056 invenerat.
1053 1987 1135 2055 Tum
1150 1986 1253 2055 etiam

233 2107 378 2175 fortasse
400 2104 601 2194 magistrum
624 2105 790 2175 Philotam
812 2092 1023 2186 imitabatur,
1052 2120 1152 2198 quem
1178 2104 1257 2174 sim·

228 2221 360 2314 pliciori
397 2221 474 2290 stilo
497 2220 649 2307 diximus
678 2243 779 2290 usum
811 2242 900 2290 esse.
934 2220 999 2289 Sed
1034 2228 1178 2314 postea,
1199 2221 1263 2289 vel

230 2341 367 2433 proprio
381 2338 527 2429 judicio,
550 2340 605 2408 vel
635 2339 750 2436 potius
786 2346 977 2409 ceterorum
1007 2338 1109 2429 hujus
1144 2340 1256 2408 aetatis

230 2464 408 2551 poetarum
426 2456 587 2550 exemplo
602 2455 741 2538 ductus,
761 2456 1005 2527 accuratiorem
1028 2455 1254 2526 elocutionem

229 2583 445 2647 consectatus
460 2583 525 2656 est.
545 2575 700 2668 Namque
717 2576 749 2645 ei
766 2574 882 2644 multis
904 2574 940 2643 in
957 2573 1059 2644 rebus
1076 2597 1156 2644 cum
1176 2574 1252 2644 Cal·
1351 2601 1354 2604 ‘

219 2693 376 2762 limacho
392 2691 580 2761 similitudo
593 2700 657 2761 est.
678 2692 715 2761 ln
730 2699 876 2786 utroque
903 2690 993 2761 idem
1011 2691 1161 2761 studium
1176 2692 1256 2761 ani·
1282 2753 1298 2788 4

230 2810 449 2908 madvertere
476 2810 554 2880 licet
588 2809 754 2904 quidquid
789 2810 979 2880 obsoletum
1015 2817 1068 2877 est
1100 2809 1253 2889 vitandi,

232 2934 335 3020 atque
352 2926 466 2996 omnia
495 2948 585 2996 nova
603 2926 752 2995 dicendi.
778 2925 889 2995 Ambo
906 2923 949 2994 ad
966 2924 1177 2993 minutarum
1194 2946 1257 2993 re-

231 3066 307 3114 rum
323 3043 589 3136 descriptionem
603 3043 786 3137 aliquando
799 3041 1030 3119 descendunt;
1050 3039 1153 3109 ambo
1174 3055 1259 3132 pro-

228 3160 311 3253 priis
330 3160 529 3230 nominibus
548 3159 740 3253 saepissime
766 3156 999 3228 edomandos
1018 3164 1281 3227 versus‘utun--

228 3286 295 3346 tur.
332 3277 482 3360 Quamm
516 3298 629 3347 rerum
662 3278 769 3347 multa
795 3277 955 3366 exempla
986 3295 1031 3343 ex
1049 3273 1256 3342 Callimacho

230 3393 349 3470 retuli;
375 3415 437 3462 nec
455 3400 547 3462 certe
570 3392 728 3484 pauciora
757 3413 802 3460 ex
822 3390 1001 3460 Theocrito
1030 3390 1156 3458 referre
1185 3409 1263 3481 pos-

231 3533 324 3592 sem,
342 3503 548 3579 nisi'lectori
565 3510 694 3581 facilior
711 3517 803 3579 esset
820 3510 862 3578 ea
876 3506 1082 3600 disquisitio.
1104 3506 1259 3599 Denique

233 3629 333 3717 longa
352 3634 510 3719 poemata
527 3625 642 3696 odisse
655 3601 790 3696 videtur
803 3633 837 3693 et
851 3625 925 3716 ipse
943 3622 1144 3692 Theocritus
1164 3676 1172 3702 ,
1194 3644 1262 3691 no-

235 3765 367 3836 vosque
386 3742 574 3813 imitatores
600 3742 739 3812 Homeri
763 3740 1024 3831 vituperavisse.
1056 3738 1141 3806 Sunt
1170 3737 1260 3806 enim

234 3861 265 3930 in
300 3863 446 3954 septimo
480 3862 555 3951 ejus
590 3861 709 3953 ldyllio
731 3837 855 3930 versus
873 3881 960 3953 quos
982 3864 1074 3928 recte
1094 3857 1208 3948 possis
1223 3857 1258 3926 in
1346 3840 1348 3843 ⁵

233 3982 451 4075 Apollonium
471 3991 573 4076 atque
593 3983 626 4051 in
647 3982 875 4073 Argonautica
895 3977 1195 4050 intentoscredere
1222 4002 1228 4046 :
1259 4015 1262 4023 .
