2942 4709
588 266 784 336 ‚19-

225 420 343 514 Liquet
364 420 455 489 enim
481 421 687 492 Ptolemaeos
710 406 846 514 semper
872 421 907 489 in
932 413 1108 513 ‘potestate
1136 441 1198 490 sua

173 539 339 610 litteratos
352 539 535 620 hahuisse;
557 541 603 611 ita
623 550 661 611 ut
679 541 848 635 quosdam
863 539 958 610 abire
974 540 1150 632 cupientes
1162 541 1197 608 vi

176 656 395 738 retinuerint,
413 664 451 727 ut
466 657 570 727 refert
585 657 707 729 Suida's
721 657 764 727 de
785 657 1006 750 Aristonymo
1024 655 1096 750 (l),
1114 657 1200 726 alios

150 781 290 844 autem
313 777 453 845 exulare
484 776 670 866 jusserint,
698 776 889 869 praesertim
911 759 1081 847 famosum
1104 776 1198 846 illum

177 873 326 972 Zollum,
344 892 403 985 qui
416 891 458 962 de
471 875 621 964 Homero
633 915 754 986 parum
770 902 968 963 reverenter
981 891 1196 986 loquebatur.

178 1009 359 1091 Quomodo
376 1016 490 1080 autem
509 1010 544 1079 in
566 1010 704 1081 doctum
722 1023 862 1101 gregem
879 1010 1025 1105 quisque
1040 1008 1200 1079 admitte-

180 1134 284 1209 retur,
319 1128 354 1196 in
383 1127 545 1218 ambiguo
567 1137 633 1199 est.
666 1130 751 1199 Nam
769 1121 918 1199 'veteres
944 1128 987 1198 de
1013 1129 1082 1222 hoe
1107 1150 1203 1198 more

177 1254 289 1316 eertos
309 1248 420 1317 faeere
444 1235 600 1340 posteros
617 1249 900 1341 supersederunt;
919 1256 954 1318 et
976 1248 1199 1328 recentiores,

57 1445 59 1448 ¹
179 1361 386 1451 conjecturis
405 1364 719 1454 tantumaugurati
737 1363 819 1457 quid
837 1363 928 1433 credi
949 1370 1082 1456 posset,
1101 1383 1204 1457 quae-

182 1479 328 1548 stionem
376 1480 409 1549 in
450 1479 622 1550 diversum
671 1481 961 1574 disceptaverunt.
1005 1480 1072 1550 Alii
1109 1480 1201 1550 enim

182 1603 304 1687 putant
320 1596 492 1689 quoddam
522 1597 696 1667 exstitisse
715 1598 868 1691 ipsorum
885 1597 1095 1668 eruditorum
1111 1596 1203 1667 arhi-

180 1713 300 1792 trium;
320 1714 375 1783 alii
394 1723 507 1783 autem
526 1716 738 1786 contendunt
758 1716 866 1785 Musei
883 1716 1048 1800 incolasa
1065 1715 1205 1806 regibus

182 1849 260 1898 esse
292 1825 434 1901 omuino
464 1832 623 1901 selectos.
654 1832 720 1915 Qui
745 1833 828 1902 mihi
860 1833 997 1928 quidem
1027 1833 1206 1926 propiores

182 1970 265 2018 vero
281 1948 452 2019 videntur.
473 1950 557 2019 Eam
575 1950 666 2056 euim
686 1949 910 2021 litteratorum
926 1950 1155 2022 conditionem
1169 1953 1205 2024 in
1231 2037 1234 2042 ,
1317 1946 1320 1951 ’

169 2067 301 2136 ΥΜιιεθο
326 2065 659 2147 demonstravimus,
684 2077 721 2138 ut
752 2069 848 2138 laeile
874 2078 1055 2162 appareat,
1084 2070 1204 2139 sinon

185 2188 309 2261 totam,
328 2189 363 2251 at
386 2184 506 2252 saltem
527 2183 714 2254 maximam
739 2191 871 2276 partem
892 2186 996 2256 fuisse
1019 2185 1158 2276 regibus
1175 2186 1208 2254 in

186 2302 376 2393 supplendo
395 2302 496 2373 docto
515 2304 659 2392 collegio
675 2303 844 2374 relictam.

303 2590 348 2665 Dr
364 2591 485 2666 stadiis
501 2592 539 2666 io
556 2591 683 2676 llatae·
700 2594 739 2667 de
752 2594 840 2693 poesi
855 2581 1095 2669 Alexandrino.

237 2842 387 2913 Platonis
406 2844 698 2938 Theophrastique
716 2846 835 2916 lllusea
853 2845 1063 2937 philosophis
1080 2846 1209 2914 cousti-

185 2967 255 3029 tuta
273 2968 381 3029 erant.
401 2961 468 3031 Sed
484 2961 518 3030 in
530 2961 762 3056 ¹Alexandrino
778 2963 897 3033 Museo
910 2962 1135 3055 philosophiae
1150 2963 1211 3032 vix

190 3079 285 3147 locus
315 3100 391 3148 esse
422 3078 623 3160 videbatur;
651 3080 866 3177 philosophia
900 3081 990 3150 enim
1019 3080 1210 3150 libertatem

192 3193 376 3264 desiderat.
399 3196 529 3290 Paucos
555 3195 658 3285 igitur
682 3177 906 3288 philosophos
933 3196 1126 3265 invenimus
1154 3196 1212 3288 qui

190 3311 338 3405 hospitio
355 3334 474 3402 regum
495 3312 553 3382 diu
571 3313 635 3383 lrui
649 3313 833 3383 voluerint.
853 3313 1012 3383 Nonnulli
1028 3314 1062 3382 in
1078 3315 1214 3405 AEgyp-

192 3439 262 3500 tum
282 3452 427 3513 venere,
450 3432 509 3525 qui
533 3435 634 3525 paulo
656 3441 734 3526 post
763 3432 919 3502 abierunt
942 3458 948 3501 :
972 3432 1214 3503 celeberrimus

193 3566 311 3615 eorum
345 3546 574 3628 advenarum,
613 3548 854 3640 peripateticus
890 3548 1020 3627 Strato,
1059 3546 1215 3639 quamvis

234 3792 272 3875 (l)
293 3795 418 3876 smdas,
452 3798 486 3859 io
511 3749 580 3861 vito*
604 3796 789 3876 Aristonymi
803 3813 916 3874 :quem
939 3794 1079 3855 nonnulli
1105 3794 1215 3854 volunt

195 3889 433 4074 hriptpphanem
443 3896 624 3975 Byzantium
634 3912 711 3956 esse.
724 3893 867 3975 (llitsehh
881 3892 935 3953 Dia
951 3890 1039 3953 Aleae.
1058 3890 1195 3954 Bibliolh.
1202 3938 1212 3969 ,

196 4010 227 4070 p.
291 4041 296 4053 .
