2942 4709
612 193 845 262 s-la-

238 345 489 439 philosophari,
511 369 551 418 ea
571 355 685 418 tamen
709 348 924 428 conditione,
944 355 981 416 ut
1001 349 1149 437 legatum
1167 346 1257 415 indi-

238 462 351 533 visum
382 485 444 533 nec
475 462 737 534 abalienandum
757 463 990 555 possiderent,
1011 464 1072 532 sed
1095 471 1258 556 tanquam
1283 443 1288 450 ⁴

241 581 367 651 scholae
383 581 486 650 totius
503 587 574 650 rem
597 581 795 671 familiarem
817 583 979 652 futurum.

289 697 455 790 Equidem
477 697 623 768 arbitror
645 699 865 767 Ptolemaeum
889 700 1039 769 Soterem
1068 700 1256 791 praesertim

242 815 401 905 exemplo
426 813 573 883 Platonis
597 823 629 881 et
646 814 868 906 Theophrasti
888 815 931 883 ad
948 805 1128 884 consilium
1146 813 1261 883 aedili-

239 929 337 998 candi
357 931 465 999 Musei
481 929 701 1000 Alexandrini
719 929 902 999 adductum
923 951 1012 1000 esse.
1035 930 1151 1022 Liquet
1165 930 1256 998 enim

237 1046 356 1127 hodie,
377 1057 453 1138 post
470 1049 593 1116 multas
608 1046 885 1116 doctissimorum
902 1047 1052 1116 virorum
1070 1048 1258 1137 investiga-

243 1167 370 1246 tiones
385 1219 389 1222 -
407 1188 475 1235 non
506 1165 781 1258 Philadelphum,
813 1166 875 1235 sed
909 1174 1040 1258 patrem
1074 1168 1148 1256 ejus
1180 1188 1258 1237 esse

241 1285 342 1375 hujus
379 1286 588 1357 monumenti
621 1286 851 1354 fundatorem.
887 1287 920 1354 ls
954 1292 1067 1355 autern
1103 1287 1260 1378 princeps

240 1403 392 1473 habehat
404 1404 490 1472 inter
504 1391 678 1473 ministros
697 1412 730 1472 et
749 1403 940 1495 incipientis
955 1403 1088 1494 imperii
1107 1403 1257 1473 subsidia

241 1524 399 1593 eumdem
435 1545 512 1592 eum
533 1510 774 1603 Demetrium,
811 1545 913 1616 quem
945 1524 1095 1593 diximus
1128 1523 1259 1594 socium

240 1628 463 1733 Theophrasti
492 1630 596 1711 luisse
617 1642 651 1710 in
672 1641 875 1713 aedificando
902 1644 1020 1732 Museo
1038 1643 1257 1724 Atheniensi,

242 1760 369 1852 quique
402 1760 518 1854 paucis
550 1768 627 1851 post
646 1760 765 1840 annis,
793 1782 838 1831 ex
867 1760 978 1829 Attica
1007 1762 1143 1852 pnlsuS,
1169 1744 1259 1853 apud

240 1876 378 1969 AEgypti
395 1899 493 1967 reges
501 1878 693 1970 perfugium
706 1878 926 1971 quaesiverat.
940 1876 1113 1947 Celebrem
1122 1881 1258 1948 exulem

193 2053 205 2067 s,
243 1995 342 2065 Soter
362 1995 514 2065 omnium
532 1994 752 2065 consiliorum
774 1997 973 2089 participem
995 1997 1073 2066 lecit
1094 2022 1100 2065 :
1121 1997 1204 2090 quin
1226 2007 1260 2066 et

244 2133 335 2193 enm,
352 2113 439 2183 sicut
448 2113 551 2181 refert
558 2112 712 2183 AElianus
724 2114 885 2208 ,gluendis
897 2112 1121 2216 creandisque
1130 2114 1260 2203 legibus

240 2228 393 2320 praelecit
424 2227 497 2321 (l);
531 2227 690 2297 videlicet
711 2238 749 2297 ut
771 2230 823 2299 vir
845 2230 918 2310 ille,
943 2230 975 2297 in
993 2228 1096 2298 rehus
1117 2229 1270 2321 publicis.
1334 2241 1337 2246 ’

242 2365 341 2438 aeque
353 2352 387 2414 et
399 2345 432 2413 in
446 2345 658 2438 philosophia
669 2353 843 2425 versatus,
862 2369 905 2415 ex
922 2346 1073 2416 omnium
1085 2346 1261 2415 civitatum

246 2464 408 2536 institutis
421 2487 461 2535 ea
474 2462 634 2555 eligeret,
650 2487 729 2559 qnae
739 2467 835 2535 istius
851 2487 951 2535 novae
962 2466 1100 2558 AEgypti
1114 2468 1256 2558 populo,

244 2603 288 2650 ex
307 2579 549 2652 diversissimis
565 2580 725 2670 gentibus
742 2581 850 2651 mixto
871 2562 905 2650 et
922 2581 1089 2662 conllato,
1110 2582 1259 2651 maxime

243 2708 484 2789 congruerent.
500 2700 581 2772 Cum
596 2709 708 2771 antem
722 2701 852 2793 primus
869 2700 1072 2771 Ptolemaens
1085 2701 1118 2769 in
1132 2702 1260 2794 regiam

244 2816 365 2886 urbem
395 2817 559 2887 litteratos
590 2818 747 2888 homines
778 2826 812 2886 et
841 2817 1063 2909 philosophos
1089 2839 1263 2888 arcessere

244 2934 365 3012 vellet,
387 2942 488 3026 atque
506 2934 596 3025 apud
620 2955 657 3003 se
677 2933 797 3029 stabili}
816 2934 964 3026 hospitio
991 2934 1161 3015 detinere,
1186 2934 1263 3027 quis

244 3050 398 3119 dubitare
431 3061 544 3144 potest
574 3053 656 3145 quin
690 3052 901 3144 propositum
921 3059 1005 3121 -tam
1043 3075 1147 3142 grave
1183 3075 1262 3122 cum

246 3169 419 3238 Demetrio
450 3169 568 3239 sedulo
597 3169 837 3260 pensitaverit,
873 3170 927 3239 ille
958 3191 1040 3239 vero
1072 3168 1262 3239 laciendum

244 3284 388 3352 suaserit
412 3285 504 3377 quod
524 3287 594 3374 jam
613 3285 756 3353 Athenis
774 3286 897 3354 lactum
919 3285 1072 3354 viderat?

290 3402 464 3492 Conjicere
479 3404 555 3473 licet
566 3404 788 3475 exPlutarchi
804 3404 917 3474 verhis
931 3404 1139 3475 Demetrium
1152 3414 1265 3475 ancto-

245 3543 317 3589 rem
346 3522 452 3592 luisse
472 3523 629 3592 creandae
652 3522 1030 3604 BibliothecmNarrat
1046 3523 1134 3590 enim
1156 3522 1265 3591 histo-

271 3797 323 3877 [l]
338 3807 422 3857 Σοοὼν
442 3810 476 3875 τῷ
499 3802 647 3874 Πτολεμαίῳ
666 3798 832 3879 (Δημήτριος)
856 3806 1006 3878 νομοθεσίας
1022 3799 1091 3877 ἦρξε,
1113 3799 1260 3880 (AElidll.,

248 3899 305 3978 nr,
327 3896 387 3975 rr.)
