2942 4709
633 292 824 366 -la-
945 273 946 278 '

223 456 312 524 ricus
330 476 407 523 eum
426 453 497 543 regi
515 454 694 522 consilium
713 455 889 544 aperuisse
913 453 1018 524 libros
1040 452 1240 544 colligendi,

224 579 260 640 ut
286 579 392 641 artem
424 570 589 661 regnandi
623 571 789 650 disceret;
811 593 905 645 ,nam
939 572 974 639 in
1010 571 1104 641 libris
1135 575 1242 643 multa

224 688 439 757 inventurum
457 685 569 757 aiebat
597 708 678 780 quae
702 686 804 756 amici
834 708 1009 780 nunquam
1040 687 1105 779 ipsi
1129 687 1243 758 dicere

224 807 388 877 auderent
400 804 468 899 (1).
486 805 649 896 Ejusdem
662 793 824 876 Demetrii
837 806 881 876 ad
896 808 1107 877 formandam
1120 808 1244 878 Biblio-

214 928 357 1002 thecam
385 945 476 994 curae
506 926 713 995 mentionem
748 925 827 994 facit
851 925 1022 994 llitschelii
1052 926 1243 996 Plautinum

223 1043 375 1113 scholion
396 1067 402 1109 :
424 1070 440 1106 n
456 1043 529 1111 Rex
541 1042 595 1111 ille
611 1041 833 1135 (Ptolemaeus
849 1041 1102 1135 Philadelphus)
1116 1043 1243 1137 ubique

223 1169 388 1230 terrarum
397 1148 562 1253 quantum
574 1158 681 1228 valuit
690 1158 941 1238 voluminibus,
957 1181 1061 1251 opera
1079 1161 1240 1231 Demetrii

224 1277 376 1346 Phalerei
402 1277 570 1369 prehensa
605 1297 740 1356 secum,
773 1276 858 1345 dnas
886 1275 1108 1347 bibliothecas
1142 1278 1238 1357 lecit,

224 1398 364 1465 alteram
384 1402 482 1464 extra
500 1395 648 1484 regiam,
674 1396 814 1463 alteram
841 1394 876 1462 iu
897 1395 990 1484 regia
1008 1394 1063 1487 (2)
1087 1423 1119 1463 ».
1140 1396 1240 1477 Quod

224 1515 362 1609 quidem
383 1502 614 1584 testimouium
640 1535 709 1583 nou
737 1506 789 1582 est
813 1521 904 1582 certe
930 1515 1238 1598 contemnendum,

224 1633 382 1727 quamvis
405 1641 523 1701 auctor
548 1632 665 1702 scholii
694 1628 1013 1702 manifestoerrore
1041 1632 1241 1703 Phalereum

224 1760 394 1821 oratorem
412 1750 638 1842 Philadelphi,
659 1771 726 1820 nou
746 1757 859 1834 autem
872 1748 1017 1829 Soteris,
1035 1750 1068 1818 iu
1078 1751 1134 1820 illa
1151 1753 1243 1821 colli-

226 1867 415 1957 gendorum
429 1865 639 1936 voluminum
654 1887 758 1956 opera
766 1864 955 1954 adjutorem
967 1866 1072 1936 luisse
1081 1866 1238 1937 affirmet.

136 1982 140 1986 ’
226 1988 380 2079 Namque
412 1986 552 2055 secundi
581 1986 758 2055 Ptolemaei
791 1986 825 2053 in
851 1986 981 2054 litteras
1009 1986 1129 2056 merita
1157 1978 1242 2057 adeo

227 2127 350 2195 magna
372 2104 446 2173 risa
467 2113 582 2182 erant,
606 2111 643 2172 nt
667 2112 880 2194 posterorum
902 2104 1105 2195 scriptorum
1126 2112 1243 2194 gratus

149 2299 151 2302 ,
225 2225 359 2294 animus
388 2243 633 2315 nonnunquam
653 2212 752 2314 quod'
770 2221 813 2290 ab
835 2222 928 2312 ipso,
950 2223 1086 2314 quodve
1108 2244 1127 2291 a
1147 2233 1242 2314 patre

225 2346 351 2414 lactum
368 2343 456 2412 male
473 2349 704 2411 secernerent.
725 2342 884 2410 Attamen
902 2363 960 2411 eas
976 2364 1114 2435 quoque
1129 2351 1243 2434 partes

225 2463 258 2530 in
276 2460 432 2532 fovendis
449 2459 570 2530 studiis
588 2467 704 2549 egerat
724 2459 935 2539 Demetrius
957 2468 995 2527 ut
1012 2482 1146 2530 nomeu
1169 2462 1243 2550 ejus

225 2580 359 2649 silentio
383 2576 597 2669 praetermitti
626 2597 696 2645 non
725 2584 856 2667 posset.
889 2577 988 2658 Quod
1022 2578 1050 2645 si
1082 2577 1258 2647 vernile

226 2695 384 2766 creandae
397 2692 636 2771 Bibliothecae,
655 2691 744 2760 idern
765 2699 857 2761 certe
874 2699 908 2759 et
924 2692 1122 2763 instituendi
1137 2695 1245 2763 Musei

225 2833 345 2882 suasor
376 2831 453 2880 esse
481 2808 630 2878 debuit:
662 2810 816 2878 ltluseum
847 2809 938 2877 euim
967 2832 1139 2879 unacum
1170 2810 1244 2902 ipsa

228 2929 435 2999 Bibliotheca
450 2948 527 2996 esse
546 2933 748 3017 conceptum
766 2935 800 2995 et
819 2934 934 2994 natum
953 2926 1097 3007 videtur,
1117 2928 1242 3020 quippe

229 3048 320 3142 quod
341 3046 383 3116 ad
402 3043 560 3114 eumdem
579 3042 682 3114 finem
703 3043 919 3135 spectaverit.

157 3238 161 3248 ,
279 3158 1246 3255 Doctissimusaetatisnostraescriptor,llntter,'coutendit

229 3310 296 3357 non
327 3293 457 3354 tantum
479 3299 596 3351 amore
625 3280 747 3349 artium
767 3287 802 3350 et
818 3281 1028 3363 litterarum,
1052 3281 1113 3350 sed
1143 3283 1244 3352 etiam

228 3404 366 3497 politico
383 3398 526 3470 consilio
543 3397 725 3489 impulsum
742 3419 819 3466 esse
833 3398 1054 3467 Ptolemaeum
1069 3398 1241 3478 Soterem,

230 3546 308 3594 cum
323 3517 668 3617 ltluseumcoustituit
685 3516 753 3611 (3).
771 3517 924 3606 Regnum
943 3518 1033 3586 enim
1049 3518 1243 3610 auspicatus

253 3867 255 3870 ,
274 3807 311 3890 (l)
331 3807 432 3883 Plut,
453 3801 592 3884 Apophlh.
611 3815 714 3881 repam
729 3804 755 3859 et
769 3798 927 3878 imperat,
946 3818 976 3877 p.
997 3799 1059 3877 l8.‚
1078 3799 1158 3877 Lips.

176 3932 179 3936 ²
272 3905 311 3988 (P)
331 3905 462 3982 llitschl,
482 3902 536 3963 Die
549 3896 838 3960 Aleccnndriuischen
852 3895 1066 3976 Bibliothelceu‚
1084 3917 1114 3976 p.
1131 3898 1158 3958 3.

275 4005 314 4087 (3)
334 4008 452 4082 Matter,
468 4002 545 4061 Hist.
555 3993 935 4070 del’ecoled’rlleacuudrie,
947 3996 977 4053 2⁴³
990 3995 1051 4075 dd.²
1065 4004 1086 4056 t.
1097 3996 1125 4073 1,
1142 4015 1172 4074 p.
1184 3994 1234 4058 Ἡ.
